/home/BCAMATH/efoster/Research/Complete.bib