@comment{This file has been generated by Pybliographer}


@Article{Sverdrup1947,
  Author         = {Sverdrup, H. U.},
  Title          = {Wind-Driven Currents in a Baroclinic Ocean; with
                   Application to the Equatorial Currents of the {E}astern
                   {P}acific},
  Journal        = {Geophysics},
  Volume         = {33},
  Number         = {11},
  Pages          = {318-326},
  date-added     = {2013-03-25 19:39:17 +0000},
  date-modified  = {2013-11-12 11:48:59 +0000},
  file           = {file:///home/BCAMATH/efoster/Research/Papers/Sverdrup1947.pdf},
  lccn           = {0000},
  year           = 1947
}

@Article{Verkley2009,
  Author         = {Verkley, W. T. M.},
  Title          = {A Balanced Approximation of the One-Layer
                   Shallow-Water Equations on a Sphere},
  Journal        = {J. of the Atmos. Sci.},
  Volume         = {66},
  Pages          = {1735-1748},
  date-added     = {2013-06-02 14:54:04 +0200},
  date-modified  = {2013-11-12 11:48:59 +0000},
  file           = {file:///home/BCAMATH/efoster/Research/Papers/Verkley2009.pdf},
  month          = {June},
  year           = 2009
}

@Article{Barcilon,
  Author         = {Barcilon, V. and Constantin, P. and Titi, E. S.},
  Title          = {Existence of solutions to the {S}tommel-{C}harney
                   model of approximate deconvolution models of
                   turbulence: {A}nalysis, phenomenology and numerical
                   analysis the {G}ulf {S}tream},
  Journal        = {SIAM J. Math. Anal.},
  Volume         = {19},
  Number         = {6},
  Pages          = {1355-1364},
  date-modified  = {2013-11-12 11:48:59 +0000},
  file           = {file:///home/BCAMATH/efoster/Research/Papers/Barcilon1988.pdf},
  year           = 1988
}

@Article{Munk1950b,
  Author         = {Munk, W. H. and Carrier, G. F.},
  Title          = {The Wind-driven Circulation in Ocean Basins of Various
                   Shapes},
  Journal        = {Tellus},
  Volume         = {2},
  Number         = {3},
  Pages          = {160--167},
  date-added     = {2013-03-29 14:03:04 +0000},
  date-modified  = {2013-11-12 11:49:07 +0000},
  file           = {file:///home/BCAMATH/efoster/Research/Papers/Munk1950b.pdf},
  url            = {http://onlinelibrary.wiley.com/doi/10.1111/j.2153-3490.1950.tb00327.x/abstract},
  urldate        = {2013-03-29},
  year           = 1950
}

@Article{Shen,
  Author         = {Shen, J. and Medjo, T. T. and Wang, S.},
  Title          = {Quasi-geostrophic ocean model: {N}umerical simulations
                   and structural analysis},
  Journal        = {J. of Comp. Phys.},
  Volume         = {155},
  Number         = {2},
  Pages          = {387-409},
  year           = 1999
}

@Article{Wu1987,
  Author         = {Wu, T. Yao-Tsu},
  Title          = {Generation of upstream advancing solitons by moving
                   disturbances},
  Journal        = {J. Fluid Mech.},
  Volume         = {184},
  Pages          = {75-99},
  date-added     = {2013-10-01 07:30:07 +0000},
  date-modified  = {2013-11-12 11:48:58 +0000},
  file           = {file:///home/BCAMATH/efoster/Research/Papers/Wu1987.pdf},
  keywords       = {Solitons, Bousinesq Equations, KdV},
  year           = 1987
}

@Article{K.-Le-Cao2011,
  Author         = {K. Le-Cao, N. Mai-Duy, C.-D. Tran T. Tran-Cong},
  Title          = {Numerical study of stream-function formulation
                   governing flows in multiply-connected domains by
                   integrated {RBF}s and {C}artesian grids},
  Journal        = {Comp. \& Fluids},
  Volume         = {44},
  Pages          = {32-42},
  date-added     = {2013-05-28 14:18:41 +0200},
  date-modified  = {2013-11-12 11:48:59 +0000},
  file           = {file:///home/BCAMATH/efoster/Research/Papers/K.Le-Cao2011.pdf},
  year           = 2011
}

@Article{Barbosa1991,
  Author         = {Barbosa, H. and Hughes, T.},
  Title          = {The finite element method with {L}agrange multipliers
                   on the boundary: circumventing the {B}abuska-{B}rezzi
                   condition},
  Journal        = {Comp. Meth. in Appl. Mech. and Eng.},
  Volume         = {85},
  Number         = {1},
  Pages          = {109--128},
  date-added     = {2013-03-27 17:15:44 +0000},
  date-modified  = {2013-11-12 11:49:07 +0000},
  shorttitle     = {The finite element method with Lagrange multipliers on
                   the boundary},
  url            = {http://www.sciencedirect.com/science/article/pii/004578259190125P},
  urldate        = {2013-03-27},
  year           = 1991
}

@Article{Galan-del-Sastre2008,
  Author         = {Gal\'an del Sastre, P. and Bermejo, R.},
  Title          = {Error estimates of proper orthogonal decomposition
                   eigenvectors and {G}alerkin projection for a general
                   dynamical system arising in fluid models},
  Journal        = {Numer. Math.},
  Volume         = {110},
  Number         = {1},
  Pages          = {49-81},
  date-added     = {2013-04-24 13:26:12 +0000},
  date-modified  = {2013-11-12 11:49:07 +0000},
  doi            = {10.1007/s00211-008-0155-9},
  issn           = {0029-{599X}, 0945-3245},
  month          = jun,
  url            = {http://link.springer.com/10.1007/s00211-008-0155-9},
  urldate        = {2013-04-24},
  year           = 2008
}

@TechReport{Juntunen2007,
  Author         = {Juntunen, M. and Stenberg, R.},
  Title          = {Nitsches Method for General Boundary Conditions},
  Institution    = {Helsinki University of Technology, Institute of
                   Mathematics},
  Type           = {Research Report},
  Number         = {A530},
  date-added     = {2013-06-19 12:04:32 +0000},
  date-modified  = {2013-11-12 11:48:59 +0000},
  file           = {file:///home/BCAMATH/efoster/Research/Papers/Juntunen2007.pdf},
  keywords       = {Robin boundary conditions, stabilization, {N}itsches
                   method},
  year           = 2007
}

@Article{Guzman2012,
  Author         = {Guzman, J. and Leykekhman, D. and Neilan, M.},
  Title          = {A family of non-conforming elements and the analysis
                   of {N}itsche's method for a singularly perturbed fourth
                   order problem},
  Journal        = {Calcolo},
  Volume         = {49},
  Number         = {2},
  Pages          = {95-125},
  date-added     = {2013-06-25 10:37:10 +0000},
  date-modified  = {2013-11-12 11:48:59 +0000},
  file           = {file:///home/BCAMATH/efoster/Research/Papers/Guzman2012.pdf},
  keywords       = {Nonconforming finite elements, Fourth order problem,
                   Biharmonic, Singular perturbation, Nitsche},
  year           = 2012
}

@Article{Charney1948,
  Author         = {Charney, J. G.},
  Title          = {On the Scale of Atmospheric Motions},
  Journal        = {Geofysiske Publikasjoner},
  Volume         = {17},
  Number         = {2},
  date-added     = {2013-03-28 20:19:39 +0000},
  date-modified  = {2013-11-12 11:48:59 +0000},
  file           = {file:///home/BCAMATH/efoster/Research/Papers/Charney1948.pdf},
  lccn           = {0000},
  year           = 1948
}

@Book{Brenner,
  Author         = {Brenner, S. C. and Scott, L. R.},
  Editor         = {Marsden, J. E. and Sirovich, L. and Antman, S. S.},
  Title          = {The Mathematical Theory of Finite Element Methods},
  Publisher      = {Springer},
  Edition        = {Third},
  year           = 2008
}

@Misc{Wiki,
  Author         = {Wikipedia},
  Title          = {Fonctions d'{A}rgyris},
  HowPublished   = {\url{http://fr.wikipedia.org/wiki/Fonctions_d'Argyris}},
  date-modified  = {2013-03-27 15:31:10 +0000},
  month          = mar,
  url            = {http://fr.wikipedia.org/wiki/Fonctions_d'Argyris},
  urldate        = {2013-03-27},
  year           = 2011
}

@Article{Babuska1973,
  Author         = {Babuska, I.},
  Title          = {The finite element method with {L}agrangian
                   multipliers},
  Journal        = {Numer. Math.},
  Volume         = {20},
  Number         = {3},
  Pages          = {179--192},
  date-added     = {2013-03-27 17:22:50 +0000},
  date-modified  = {2013-11-12 11:49:07 +0000},
  url            = {http://link.springer.com/article/10.1007/BF01436561},
  urldate        = {2013-03-27},
  year           = 1973
}

@Article{van-Gijzen1998,
  Author         = {van Gijzen, M. B. and Vreugdenhil, C. B. and
                   Oksuzoglu, H.},
  Title          = {The Finite Element Discretization for Stream-Function
                   Problems on Multiply Connected Domains},
  Journal        = {J. of Comp. Phys.},
  Number         = {140},
  Pages          = {30-46},
  date-added     = {2013-04-08 02:40:17 +0000},
  date-modified  = {2013-11-12 11:48:59 +0000},
  file           = {file:///home/BCAMATH/efoster/Research/Papers/vanGijzen1998.pdf},
  year           = 1998
}

@Article{Boning,
  Author         = {B{\"o}ning, C. W. and D{\"s}cher, R. and Isemer, H.-J.},
  Title          = {Monthly Mean Wind Stress and {S}verdrup Transport in
                   the {N}orth {A}tlantic: A Comparison of
                   {H}ellerman-{R}osenstein and {I}semer-{H}asse
                   Climatologies},
  Journal        = {American Met. Soc.},
  year           = 1991
}

@Article{Bath2007,
  Author         = {Bath, W. L. and Carey, G. F.},
  Title          = {On a boundary condition for pressure-driven laminar
                   flow of incompressible fluids},
  Journal        = {Internat. J. Numer. Meth. Fluids},
  Volume         = {54},
  Pages          = {1313-1325},
  date-added     = {2013-08-30 08:03:46 +0000},
  date-modified  = {2013-11-12 11:48:58 +0000},
  file           = {file:///home/BCAMATH/efoster/Research/Papers/Bath2007.pdf},
  keywords       = {pressure boundary conditions; incompressible
                   Navier--Stokes; generalized Newtonian fluids;
                   finite-element methods},
  year           = 2007
}

@Article{Cayco86,
  Author         = {Cayco, M. E. and Nicolaides, R. A.},
  Title          = {Finite element technique for optimal pressure recovery
                   from stream function formulation of viscous flows},
  Journal        = {Math. of Comp.},
  Volume         = {46},
  Number         = {174},
  date-modified  = {2013-11-12 11:48:59 +0000},
  file           = {file:///home/BCAMATH/efoster/Research/Papers/Cayco1986.pdf},
  year           = 1986
}

@Article{Fairag98,
  Author         = {Fairag, F.},
  Title          = {A two-level finite-element discretization of the
                   stream function form of the {N}avier-{S}tokes equations},
  Journal        = {Comp. Math. Applic.},
  Volume         = {36},
  Number         = {2},
  Pages          = {117-127},
  date-modified  = {2013-11-12 11:48:59 +0000},
  file           = {file:///home/BCAMATH/efoster/Research/Papers/Fairag1998.pdf},
  year           = 1998
}

@Article{Xu94,
  Author         = {Xu, J.},
  Title          = {A novel two-grid method for semilinear elliptic
                   equations},
  Journal        = {SIAM J. on Sci. Comp.},
  Volume         = {15},
  Number         = {1},
  Pages          = {231-237},
  date-modified  = {2013-11-12 11:49:07 +0000},
  doi            = {10.1137/0915016},
  keywords       = {elliptic boundary value problem; finite elements;
                   two-grid},
  publisher      = {SIAM},
  url            = {http://link.aip.org/link/?SCE/15/231/1},
  year           = 1994
}

@Article{Foster2013a,
  Author         = {Foster, E. L. and Iliescu, T. and Wells, D.},
  Title          = {A conforming finite element discretization of the
                   streamfunction form of the quasi-geostrophic equations},
  Journal        = {Submitted},
  date-added     = {2013-08-31 18:43:27 +0000},
  date-modified  = {2013-09-03 08:33:03 +0000},
  file           = {file:///home/BCAMATH/efoster/Documents/Research/QGE.FEM/QGE/Paper/QGE.pdf},
  keywords       = {quasi-geostrophic equations, C^1, finite elements},
  year           = 2013
}

@Article{OkabeBasis,
  Author         = {Okabe, M. and Yamada, Y. and Nishiguchi, I.},
  Title          = {Basis transformation of trial function space in
                   {L}agrange interpolation},
  Journal        = {Comp. Methods in Appl. Mech. and Eng.},
  Volume         = {23},
  Pages          = {85--99},
  date-modified  = {2013-11-12 11:49:07 +0000},
  file           = {file:///home/BCAMATH/efoster/Research/Papers/Okabe1980.pdf},
  issn           = {0045-7825},
  publisher      = {Elsevier Science Publishing Co, Inc, P. O. Box 882,
                   Madison Square Station, New York, NY, 10159-0882, USA},
  year           = 1980
}

@Article{Medjo2002b,
  Author         = {Medjo, T. T.},
  Title          = {Iterative Methods for a Class of Robust Control
                   Problems in Fluid Mechanics},
  Journal        = {SIAM J. Numer. Anal.},
  Volume         = {39},
  Number         = {5},
  Pages          = {1625-1647},
  date-added     = {2013-05-30 13:23:13 +0200},
  date-modified  = {2013-11-12 11:48:59 +0000},
  file           = {file:///home/BCAMATH/efoster/Research/Papers/Medjo2002b.pdf},
  year           = 2002
}

@Article{San12,
  Author         = {San, O. and Staples, A. E. and Wang, Z. and Iliescu,
                   T.},
  Title          = {Approximate deconvolution large eddy simulation of a
                   stratified two-layer quasigeostrophic ocean model},
  Journal        = {Ocean Model.},
  Volume         = {63},
  Pages          = {1-20},
  date-modified  = {2013-11-12 11:49:07 +0000},
  file           = {file:///home/BCAMATH/efoster/Research/Papers/San0110.pdf},
  year           = 2013
}

@Article{delSastre04,
  Author         = {Bermejo, R. and Gal\'an del Sastre, P.},
  Title          = {Long-term Behavior of the Wind Stress Circulation of a
                   Numerical {N}orth {A}tlantic Ocean Circulation Model},
  Journal        = {ECCOMAS},
  date-modified  = {2013-11-12 11:49:07 +0000},
  file           = {file:///home/BCAMATH/efoster/Research/Papers/Bermejo2004.pdf},
  year           = 2004
}

@Article{Behrens1998,
  Author         = {Behrens, J.},
  Title          = {Atmospheric and ocean modeling with an adaptive finite
                   element solver for the shallow-water equations},
  Journal        = {Appl. Num. Math.},
  Volume         = {26},
  Pages          = {217-226},
  date-added     = {2013-09-06 14:11:57 +0000},
  date-modified  = {2013-11-12 11:48:58 +0000},
  file           = {file:///home/BCAMATH/efoster/Research/Papers/Behrens1998.pdf},
  keywords       = {Semi-Lagrangian advection scheme; Parallelization;
                   Shallow-water equations; Adaptive mesh refinement},
  year           = 1998
}

@Article{James2009,
  Author         = {James, I. N.},
  Title          = {Charney, {J.G.} 1947: The dynamics of long waves in a
                   baroclinic westerly current. {J}ournal of {M}eteorology
                   4, 135--62},
  Journal        = {Progress in Physical Geography},
  Volume         = {33},
  Number         = {5},
  Pages          = {718-723},
  date-added     = {2013-03-28 19:56:14 +0000},
  date-modified  = {2013-03-29 19:21:39 +0000},
  doi            = {10.1177/0309133309339797},
  issn           = {0309-1333},
  month          = aug,
  shorttitle     = {Charney, {J.G.} 1947},
  url            = {http://ppg.sagepub.com/cgi/doi/10.1177/0309133309339797},
  urldate        = {2013-03-28},
  year           = 2009
}

@Article{Ming2008,
  Author         = {Ming, W. and Shuo, Z.},
  Title          = {Local a priori and a posteriori error estimates of
                   finite elements for biharmonic equation},
  Journal        = {J. of Comp. Math.},
  Volume         = {26},
  Number         = {2},
  Pages          = {196-208},
  date-added     = {2013-07-08 06:46:31 +0000},
  date-modified  = {2013-11-12 11:48:59 +0000},
  file           = {file:///home/BCAMATH/efoster/Research/Papers/Ming2008.pdf},
  keywords       = {Finite element, biharmonic equation, a priori error
                   estimate, a posteriori error estimate},
  year           = 2008
}

@Article{Dijkstra99,
  Author         = {Dijkstra, H. A. and Molemaker, M. J.},
  Title          = {Imperfections of the {N}orth {A}tlantic wind-driven
                   ocean circulation: continental geometry and windstress
                   shape},
  Journal        = {J. Mar. Res.},
  Volume         = {57},
  Number         = {1},
  Pages          = {1--28},
  year           = 1999
}

@InCollection{Brandenburg2009,
  Author         = {Brandenburg, Christian and Lindemann, Florian and
                   Ulbrich, Michael and Ulbrich, Stefan},
  Title          = {A Continuous Adjoint Approach to Shape Optimization
                   for Navier Stokes Flow},
  BookTitle      = {Optimal Control of Coupled Systems of Partial
                   Differential Equations},
  Publisher      = {Birkh{\"a}user Basel},
  Editor         = {Kunisch, Karl and Sprekels, J{\"u}rgen and Leugering,
                   G{\"u}nter and Tr{\"o}ltzsch, Fredi},
  Volume         = {158},
  Series         = {International Series of Numerical Mathematics},
  Pages          = {35-56},
  date-added     = {2013-10-23 15:32:23 +0000},
  date-modified  = {2013-11-12 11:48:58 +0000},
  doi            = {10.1007/978-3-7643-8923-9_2},
  file           = {file:///home/BCAMATH/efoster/Research/Papers/Brandenburg2009.pdf},
  isbn           = {978-3-7643-8922-2},
  keywords       = {Primary 76D55; Secondary 49K20; Shape optimization;
                   Navier-Stokes equations; PDE-constrained optimization},
  language       = {English},
  year           = 2009
}

@MastersThesis{Foster2006,
  Author         = {Foster, E. L.},
  Title          = {A Robust Solution to {H}enry's Problem},
  School         = {University of Nevada, Reno},
  date-added     = {2013-09-03 08:39:08 +0000},
  date-modified  = {2013-09-03 08:39:55 +0000},
  file           = {file:///home/BCAMATH/efoster/Documents/Research/Henry/Henry.pdf},
  keywords       = {Seawater Intrusion},
  month          = {May},
  year           = 2006
}

@Article{Casoni2012,
  Author         = {Casoni, E. and Peraire, J. and Huerta, A.},
  Title          = {One-dimensional shock-capturing for high-order
                   discontinuous {G}alerkin methods},
  Journal        = {Internat. J. Numer. Meth. Fluids},
  Volume         = {71},
  Pages          = {737-755},
  date-added     = {2013-09-23 09:01:59 +0000},
  date-modified  = {2013-11-12 11:48:58 +0000},
  doi            = {10.1002/fld.3682},
  file           = {file:///home/BCAMATH/efoster/Research/Papers/Casoni2013.pdf},
  keywords       = {discontinuous Galerkin; shock capturing; artificial
                   viscosity; high-order approximation},
  year           = 2013
}

@Book{Kreyszig1989,
  Author         = {Kreyszig, E.},
  Title          = {Introductory functional analysis with applications},
  Publisher      = {Wiley},
  Address        = {New York},
  Edition        = {Wiley Classic Library Edition},
  date-added     = {2013-04-07 15:10:33 +0000},
  date-modified  = {2013-04-07 15:12:30 +0000},
  year           = 1989
}

@Article{GunzburgerMethods,
  Author         = {Gunzburger, M. D. and Peterson, J. S.},
  Title          = {Finite-element methods for the
                   streamfunction-vorticity equations:
                   {B}oundary-Condition Treatments and Multiply Connected
                   Domains},
  Journal        = {SIAM J. Sci. Stat. Comp.},
  Volume         = {9},
  Pages          = {650},
  date-modified  = {2013-11-12 11:49:05 +0000},
  file           = {file:///home/BCAMATH/efoster/Research/Papers/Gunzburger1988.pdf},
  year           = 1988
}

@Article{Schubert2008,
  Author         = {Schubert, W. H. and Taft, R. K. and G., SIlvers L.},
  Title          = {Shallow Water Quasi-Geostrophic Theory on the Sphere},
  Journal        = {J. of Adv. in Mod. Earth Sys. - Discu.},
  Volume         = {1},
  Number         = {6},
  date-added     = {2013-06-02 16:02:57 +0200},
  date-modified  = {2013-11-12 11:48:59 +0000},
  file           = {file:///home/BCAMATH/efoster/Research/Papers/Schubert2009.pdf},
  year           = 2009
}

@Article{Chang2001,
  Author         = {Chang, K.-I. and Ghil, M. and Ide, K. and Lai, C.-C.
                   A.},
  Title          = {Transition to Aperiodic Variability in a Wind-Driven
                   Double-Gyre Circulation Model},
  Journal        = {J. of Phys. Ocean.},
  Volume         = {31},
  Pages          = {1260-1286},
  date-added     = {2013-06-24 07:22:15 +0000},
  date-modified  = {2013-11-12 11:48:59 +0000},
  file           = {file:///home/BCAMATH/efoster/Research/Papers/Chang2001.pdf},
  year           = 2001
}

@Article{Foster,
  Author         = {Foster, E. L. and Iliescu, T. and Wang, Z.},
  Title          = {A finite element discretization of the streamfunction
                   formulation of the stationary quasi-geostrophic
                   equations of the ocean},
  Journal        = {Comp. Meth. in Appl. Mech. and Eng.},
  Volume         = {261-262},
  Pages          = {105--117},
  date-modified  = {2013-07-03 12:49:50 +0000},
  file           = {file:///home/BCAMATH/efoster/Documents/Research/QGE.FEM/SQGE/SQGE.pdf},
  year           = 2013
}

@Article{Wolansky88,
  Author         = {Wolansky, G.},
  Title          = {Existence, uniqueness and stability of stationary
                   barotropic flow with forcing and dissipation},
  Journal        = {Comm. Pure Appl. Math.},
  Volume         = {41},
  Pages          = {19-46},
  year           = 1988
}

@Article{Bryan1963,
  Author         = {Bryan, Kirk},
  Title          = {A Numerical Investigation of a Nonlinear Model of
                   Wind-Drive Ocean},
  Journal        = {J. of the Atmos. Sci.},
  Volume         = {20},
  Pages          = {594-606},
  date-added     = {2013-03-23 23:47:49 +0000},
  date-modified  = {2013-11-12 11:48:59 +0000},
  file           = {file:///home/BCAMATH/efoster/Research/Papers/Bryan1963.pdf},
  year           = 1963
}

@Book{Hoffman2006b,
  Author         = {Hoffman, J. and Johnson, C.},
  Title          = {Computational Turbulent Incompressible Flow},
  Publisher      = {Springer},
  Volume         = {4},
  Series         = {Applied Mathematics: Body \& Soul},
  date-added     = {2013-07-25 18:53:10 +0000},
  date-modified  = {2013-11-12 11:48:58 +0000},
  file           = {file:///home/BCAMATH/efoster/Research/Papers/Hoffman2006b.pdf},
  year           = 2006
}

@PhdThesis{Fox-Kemper2003,
  Author         = {Fox-Kemper, B.},
  Title          = {Eddies and Friction: Removal of Vorticity from the
                   Wind-Driven Gyre},
  School         = {MIT},
  date-added     = {2013-03-25 18:51:05 +0000},
  date-modified  = {2013-11-12 11:48:59 +0000},
  file           = {file:///home/BCAMATH/efoster/Research/Papers/Fox-Kemper2003.pdf},
  month          = {June},
  year           = 2003
}

@Article{Wang94,
  Author         = {Wang, J. and Vallis, G. K.},
  Title          = {Emergence of {F}ofonoff states in inviscid and viscous
                   ocean circulation models},
  Journal        = {J. Mar. Res.},
  Volume         = {52},
  Pages          = {83-127},
  year           = 1994
}

@Article{Hoffman2005,
  Author         = {Hoffman, J.},
  Title          = {Computation of Mean Drag for Bluff Body Problems Using
                   Adaptive DNS/LES},
  Journal        = {SIAM J. Sci. Comp.},
  Volume         = {27},
  Number         = {1},
  Pages          = {184-207},
  date-added     = {2013-07-10 09:21:04 +0000},
  date-modified  = {2013-11-12 11:48:59 +0000},
  file           = {file:///home/BCAMATH/efoster/Research/Papers/Hoffman2005.pdf},
  keywords       = {Adaptive DNS/LES, adaptive finite element method,
                   duality, a posteriori error es- timate, turbulence,
                   large eddy simulation LES, direct numerical simulation
                   DNS, bluff body problem, surface mounted cube, square
                   cylinder},
  year           = 2005
}

@Article{Myers,
  Author         = {Myers, P. G. and Weaver, A. J.},
  Title          = {A diagnostic barotropic finite-element ocean
                   circulation model},
  Journal        = {J. Atmos. Oceanic Technol.},
  Volume         = {12},
  Pages          = {511},
  year           = 1995
}

@Book{Haidvogel1999,
  Author         = {Haidvogel, D. B. and Beckmann, A.},
  Title          = {Numerical Ocean Circulation Modelling},
  Publisher      = {World Scientific Publishing Company},
  Edition        = {4},
  date-added     = {2013-03-23 16:15:00 +0000},
  date-modified  = {2013-03-23 16:33:32 +0000},
  journal        = {EOLSS Mathematical Models},
  year           = 1999
}

@Article{Foster2013b,
  Author         = {Foster, E. L. and Overfelt, J. R.},
  Title          = {Clipping of Arbitrary Polygons with Degeneracies},
  Journal        = {Submitted},
  date-added     = {2013-09-03 08:31:03 +0000},
  date-modified  = {2013-09-03 08:32:50 +0000},
  file           = {file:///home/BCAMATH/efoster/Documents/Research/PolyClipping/Paper/PolyClip.pdf},
  keywords       = {Polygon Clipping},
  year           = 2013
}

@Article{cockburn1998local,
  Author         = {Cockburn, Bernardo and Shu, Chi-Wang},
  Title          = {The local discontinuous Galerkin method for
                   time-dependent convection-diffusion systems},
  Journal        = {SIAM Journal on Numerical Analysis},
  Volume         = {35},
  Number         = {6},
  Pages          = {2440--2463},
  date-added     = {2013-09-12 14:08:57 +0000},
  date-modified  = {2013-11-12 11:48:58 +0000},
  file           = {file:///home/BCAMATH/efoster/Research/Papers/Cockburn1998.pdf},
  publisher      = {SIAM},
  year           = 1998
}

@Article{Yulistiyanto1998,
  Author         = {Yulistiyanto, B. and Zech, Y. and Graf, W. H.},
  Title          = {Flow around a cylinder: shallow-water modelling with
                   diffusion-dispersion},
  Journal        = {J. Hydraul. Eng.},
  Volume         = {124},
  Pages          = {419-429},
  date-added     = {2013-09-17 11:32:33 +0000},
  date-modified  = {2013-11-12 11:48:58 +0000},
  file           = {file:///home/BCAMATH/efoster/Research/Papers/Yulistiyanto1998.pdf},
  month          = {April},
  year           = 1998
}

@Article{Fix,
  Author         = {Fix, G. J.},
  Title          = {Finite element models for ocean circulation problems},
  Journal        = {SIAM J. on Appl. Math.},
  Volume         = {29},
  Number         = {3},
  Pages          = {371-387},
  date-modified  = {2013-11-12 11:49:05 +0000},
  file           = {file:///home/BCAMATH/efoster/Research/Papers/Fix1975.pdf},
  year           = 1975
}

@Book{Siedler01,
  Author         = {Siedler, G. and Church, J. and Gould, J.},
  Title          = {Ocean circulation and climate: {O}bserving and
                   modelling the global ocean},
  Publisher      = {Academic Press},
  Volume         = {77},
  year           = 2001
}

@Article{Bramble1981,
  Author         = {Bramble, J. H.},
  Title          = {The {L}agrange multiplier method for Dirichlet's
                   problem},
  Journal        = {Math. of Comp.},
  Volume         = {37},
  Number         = {155},
  Pages          = {1--11},
  date-added     = {2013-03-27 17:13:16 +0000},
  date-modified  = {2013-04-10 13:26:50 +0000},
  url            = {http://www.ams.org/mcom/1981-37-155/S0025-5718-1981-0616356-7/},
  urldate        = {2013-03-27},
  year           = 1981
}

@Article{Brooks1982,
  Author         = {Brooks, A. N. and Hughes, T. J.R.},
  Title          = {Streamline upwind/{P}etrov-{G}alerkin formulations for
                   convection dominated flows with particular emphasis on
                   the incompressible {N}avier-{S}tokes equations},
  Journal        = {Comp. Meth. Appl. Mech. Eng.},
  Volume         = {32},
  Pages          = {199-259},
  date-added     = {2013-09-11 08:55:36 +0000},
  date-modified  = {2013-11-12 11:48:58 +0000},
  file           = {file:///home/BCAMATH/efoster/Research/Papers/Brooks1982.pdf},
  keywords       = {Petrov-Galerkin, Finite element, Navier-Stokes
                   equation, turbulence},
  year           = 1982
}

@Article{Soane2010,
  Author         = {Soane, A. M. and Sun, M. and Rostamian, R.},
  Title          = {The Optimal Convergence rate of a {$C^1$} Finite
                   Element Method for Non-Smooth Domains},
  Journal        = {J. of Comp. and Appl. Math.},
  Volume         = {233},
  Number         = {10},
  Pages          = {2711-2723},
  date-added     = {2013-04-08 23:19:13 +0000},
  date-modified  = {2013-04-19 14:12:49 +0000},
  month          = {March},
  year           = 2010
}

@Article{Ekman1905,
  Author         = {Ekman, V. W.},
  Title          = {On the Influence of the Earth's Rotation on
                   Ocean-Currents},
  Journal        = {Arkiv f{\"o}r matematik, astronomi och fysik},
  Volume         = {2},
  Number         = {11},
  date-added     = {2013-03-26 13:18:50 +0000},
  date-modified  = {2013-11-12 11:48:59 +0000},
  file           = {file:///home/BCAMATH/efoster/Research/Papers/Ekman1905.pdf},
  year           = 1905
}

@Article{Gratsch2005,
  Author         = {Gr{\"a}tsch, T. and Bathe, K.-J.},
  Title          = {A posteriori error estimation techniques in practical
                   finite element analysis},
  Journal        = {Comp. \& Struct.},
  Volume         = {83},
  Pages          = {235-265},
  date-added     = {2013-06-28 07:32:46 +0000},
  date-modified  = {2013-11-12 11:48:59 +0000},
  month          = {Finite element analysis, A posteriori error
                   estimation, Goal-oriented error estimation, Dual
                   problem, Practical procedures},
  url            = {/Volumes/data/Documents/.SyncArchive/Research/Papers/Grätsch2005.pdf},
  year           = 2005
}

@Article{Cascon,
  Author         = {Cascon, J. M. and Garcia, G. C. and Rodriguez, R.},
  Title          = {A Priori and A Posteriori error analysis for a
                   large-scale ocean circulation finite element model},
  Journal        = {Comp. Meth. Appl. Mech. Eng.},
  Volume         = {192},
  Number         = {51-52},
  Pages          = {5305-5327},
  date-modified  = {2013-11-12 11:48:59 +0000},
  file           = {file:///home/BCAMATH/efoster/Research/Papers/Cascon2003.pdf},
  year           = 2003
}

@Article{Medjo00,
  Author         = {Medjo, T. T.},
  Title          = {Numerical simulations of a two-layer quasi-geostrophic
                   equation of the ocean},
  Journal        = {SIAM J. on Appl. Math.},
  Volume         = {37},
  Number         = {6},
  Pages          = {2005-2022},
  date-modified  = {2013-11-12 11:49:05 +0000},
  file           = {file:///home/BCAMATH/efoster/Research/Papers/Medjo2000.pdf},
  year           = 2000
}

@Book{Girault79,
  Author         = {Girault, V. and Raviart, P. A.},
  Title          = {Finite element approximation of the {N}avier-{S}tokes
                   equations},
  Publisher      = {Springer-Verlag},
  Series         = {Volume 749 of Lecture Notes in Mathematics},
  year           = 1979
}

@Article{Hanert2002,
  Author         = {Hanert, E. and Legat, V. and Deleersnijder, E.},
  Title          = {A comparison of three finite elements to solve the
                   linear shallow water equations},
  Journal        = {Ocean Modelling},
  Volume         = {5},
  Pages          = {17-35},
  date-added     = {2013-08-02 09:01:39 +0000},
  date-modified  = {2013-11-12 11:48:58 +0000},
  file           = {file:///home/BCAMATH/efoster/Research/Papers/Hanert2002.pdf},
  keywords       = {Ocean modelling; Unstructured grids; Finite elements;
                   Spurious computational modes; Shallow Water Equations},
  year           = 2002
}

@Article{Hellerman,
  Author         = {Hellerman, S. and Rosenstein, M.},
  Title          = {Normal Monthly Wind Stress Over the World Ocean with
                   Error Estimates},
  Journal        = {J. Phys. Ocean.},
  Volume         = {13},
  Pages          = {1093-1104},
  date-modified  = {2013-11-12 11:49:07 +0000},
  file           = {file:///home/BCAMATH/efoster/Research/Papers/Hellerman1983.pdf},
  year           = 1983
}

@Article{Hammerton2001,
  Author         = {Hammerton, P. W.},
  Title          = {Effect of molecular relaxation on the propagation of
                   sonic booms through a stratified atmosphere},
  Journal        = {Wave Motion},
  Volume         = {33},
  Pages          = {359-477},
  date-added     = {2013-10-07 13:01:56 +0000},
  date-modified  = {2013-11-12 11:48:58 +0000},
  doi            = {Augmented Burgers, Sonic Boom},
  file           = {file:///home/BCAMATH/efoster/Research/Papers/Hammerton2001.pdf},
  year           = 2001
}

@MastersThesis{Foster2009,
  Author         = {Foster, E. L.},
  Title          = {An Agent based Gene Flow Model},
  School         = {Virginia Common Wealth University},
  date-added     = {2013-09-03 08:36:39 +0000},
  date-modified  = {2013-09-03 08:37:35 +0000},
  file           = {file:///home/BCAMATH/efoster/Documents/Research/Pollen
                   2/Pollen.Thesis/PollenThesis.pdf},
  keywords       = {Agent Based Modelling},
  month          = {May},
  year           = 2009
}

@TechReport{Jansson2011,
  Author         = {Jansson, N. and Hoffman, J.},
  Title          = {Computer Simulation of Incompressible Flow Past a
                   Circular Cylinder at Very High {R}eynolds Numbers},
  Institution    = {KTH, Royal Institute of Technology},
  Number         = {kth-ctl-4023},
  date-added     = {2013-07-11 13:37:35 +0000},
  date-modified  = {2013-11-12 11:48:58 +0000},
  file           = {file:///home/BCAMATH/efoster/Research/Papers/Jansson2011.pdf},
  month          = {November},
  year           = 2011
}

@Article{Hallberg2006,
  Author         = {Hallberg, Robert and Gnanadesikan, Anand},
  Title          = {The {R}ole of {E}ddies in {D}etermining the
                   {S}tructure and {R}esponse of the {W}ind-{D}riven
                   {S}outhern {H}emisphere {O}verturning: {R}esults from
                   the {M}odling {E}ddies in the {S}outhern
                   {O}cean ({M}{ESO}) {P}roject},
  Journal        = {J. Phys. Ocean.},
  Volume         = {36},
  Pages          = {2232-2252},
  file           = {file:///home/BCAMATH/efoster/Documents/Research/Papers/Hallberg2006.pdf},
  keywords       = {Eddies, Ocean Modelling},
  month          = dec,
  year           = 2006
}

@Article{Huerta2012,
  Author         = {Huerta, A. and Casoni, E. and Peraire, J.},
  Title          = {A simple shock-capturing technique for high-order
                   discontinuous {G}alerkin methods},
  Journal        = {Internat. J. Numer. Meth. Fluids},
  Volume         = {69},
  Pages          = {1614-1632},
  date-added     = {2013-09-23 08:26:08 +0000},
  date-modified  = {2013-11-12 11:48:58 +0000},
  doi            = {DOI: 10.1002/fld.2654},
  file           = {file:///home/BCAMATH/efoster/Research/Papers/Huerta2012.pdf},
  keywords       = {Shock-capturing; discontinuous Galerkin; high order;
                   Euler equations; compressible flow; Euler flow;
                   discontinous enrichment; adaptivity},
  year           = 2012
}

@Book{Gunzburger89,
  Author         = {Gunzburger, M. D.},
  Title          = {Finite element methods for viscous incompressible
                   flows},
  Publisher      = {Academic Press Inc},
  Series         = {Computer Science and Scientific Computing},
  Note           = {A Guide to Theory, Practice, and Algorithms},
  year           = 1989
}

@Article{Foster2012,
  Author         = {Foster, E. L. and Chan, D. and Dyer, R.},
  Title          = {Gene Flow Modeling by Correlated Random Walk},
  Journal        = {Submitted},
  date-added     = {2013-09-03 08:34:41 +0000},
  date-modified  = {2013-09-03 08:35:58 +0000},
  file           = {file:///home/BCAMATH/efoster/Documents/Research/Pollen/PollenPaper.pdf},
  keywords       = {Agent Based Modelling},
  year           = 2012
}

@Article{Munk1950a,
  Author         = {Munk, W. H.},
  Title          = {On the Wind-Driven Ocean Circulation},
  Journal        = {J. of Meteorology},
  Volume         = {7},
  Number         = {2},
  Pages          = {79-93},
  date-added     = {2013-03-28 13:50:56 +0000},
  date-modified  = {2013-11-12 11:48:59 +0000},
  file           = {file:///home/BCAMATH/efoster/Research/Papers/Munk1950a.pdf},
  lccn           = {0000},
  month          = {April},
  year           = 1950
}

@Book{Eriksson2009,
  Author         = {Eriksson, K. and Estep, D. and Hansbo, P. and Johnson,
                   C.},
  Title          = {Computational Differential Equations},
  Publisher      = {Cambridge University Press},
  date-added     = {2013-08-06 13:09:53 +0000},
  date-modified  = {2013-11-12 11:48:58 +0000},
  file           = {file:///home/BCAMATH/efoster/Research/Papers/Eriksson2009.pdf},
  year           = 2009
}

@Article{Amara1998,
  Author         = {Amara, M. and Ben Younes, M. and Bernardi, C.},
  Title          = {Error indicators for the {N}avier-{S}tokes equations
                   in stream function and vorticity formulation},
  Journal        = {Numer. Math.},
  Volume         = {80},
  Pages          = {181-206},
  date-added     = {2013-07-16 07:17:25 +0000},
  date-modified  = {2013-11-12 11:48:58 +0000},
  file           = {file:///home/BCAMATH/efoster/Research/Papers/Amara1998.pdf},
  year           = 1998
}

@Article{Hanert2005,
  Author         = {Hanert, Emmanuel and Le Roux, Daniel Y. and Legat,
                   Vincent and Deleersnijder, Eric},
  Title          = {An efficient {E}ulerian finite element method for
                   the shallow water equations},
  Journal        = {Ocean Modelling},
  Volume         = {10},
  Number         = {1-2},
  Pages          = {115-136},
  file           = {file:///home/BCAMATH/efoster/Research/Papers/Haner2005.pdf},
  keywords       = {Ocean Modelling; Shallow Water Equations},
  year           = 2005
}

@Article{Medjo2004,
  Author         = {Medjo, T. T.},
  Title          = {Adjoint-Based Iterative Method for Robust Control
                   Problems in Fluid Mechanics},
  Journal        = {SIAM J. Numer. Anal.},
  Volume         = {42},
  Number         = {1},
  Pages          = {302-325},
  date-added     = {2013-05-30 13:25:50 +0200},
  date-modified  = {2013-11-12 11:48:59 +0000},
  file           = {file:///home/BCAMATH/efoster/Research/Papers/Medjo2004.pdf},
  year           = 2004
}

@Book{Dijkstra05,
  Author         = {Dijkstra, H. E.},
  Title          = {Nonlinear physical oceanography: {A} dynamical systems
                   approach to the large scale ocean circulation and el
                   Nino},
  Publisher      = {Springer Verlag},
  Volume         = {28},
  year           = 2005
}

@Book{Ingstad,
  Author         = {Ingstad, H. and Instad, A. S.},
  Title          = {The Viking discovery of {A}merica: {T}he excavation of
                   a {N}orse settlement in {L'A}nse aux {M}eadows,
                   {N}ewfoundland},
  Publisher      = {Breakwater Books},
  year           = 2000
}

@Article{Medjo2002a,
  Author         = {Medjo, T. T.},
  Title          = {Numerical solutions of a robust control problem
                   associated with the quasi-geostrophic equation of the
                   ocean},
  Journal        = {Nonlinear Anal.: Real World Appl.},
  Volume         = {3},
  Number         = {3},
  Pages          = {317-337},
  date-added     = {2013-05-30 12:39:39 +0200},
  date-modified  = {2013-11-12 11:48:59 +0000},
  file           = {file:///home/BCAMATH/efoster/Research/Papers/Medjo2002a.pdf},
  year           = 2002
}

@Book{Majda,
  Author         = {Majda, A. J. and Wang, X.},
  Title          = {Non-linear dynamics and statistical theories for basic
                   geophysical flows},
  Publisher      = {Cambridge University Press},
  date-modified  = {2013-11-12 11:49:05 +0000},
  file           = {file:///home/BCAMATH/efoster/Research/Papers/Majda2006.pdf},
  year           = 2006
}

@Article{Hanert2006,
  Author         = {Hanert, Emmanueal and Legat, Vincent},
  Title          = {How to save a bad element with weak boundary
                   conditions},
  Journal        = {Computers \& Fluids},
  Volume         = {35},
  Number         = {5},
  Pages          = {477-484},
  file           = {file:///home/BCAMATH/efoster/Research/Papers/Hanert2006.pdf},
  keywords       = {Shallow Water Equations, Ocean Modelling},
  month          = jun,
  year           = 2006
}

@TechReport{Hoffman2011,
  Author         = {Hoffman, Johan and Jansson, Johan and Vilela de Abreu,
                   Rodrigo and Degirmenci, Niyazi Cem and Jansson, Niclas
                   and M{\"u}ller, Kaspar and Nazarov, Murtazo and
                   Sp{\"u}hler, Jeannette Hiromi},
  Title          = {Unicorn: Parallel adaptive finite element simulation
                   of turbulent flow and fluid-structure interaction for
                   deforming domains and complex geometry},
  Institution    = {Computational Technology Laboratory, CSC/NA, KTH,
                   Royal Institute of Technology,},
  date-added     = {2013-10-02 15:30:25 +0000},
  date-modified  = {2013-11-12 11:48:58 +0000},
  keywords       = {Unicorn, DOLFIN, FEniCS, parallel adaptive finite
                   element method, open source software, turbulent flow,
                   fluid-structure interaction, complex geometry,
                   deforming domain},
  url            = {http://urn.kb.se/resolve?urn=urn:nbn:se:kth:diva-58684},
  year           = 2011
}

@conference{Rallabhandi2011a,
  address        = {Honolulu, Hawaii},
  author         = {Rallabhandi, S. K.},
  date-added     = {2013-09-11 11:15:12 +0000},
  date-modified  = {2013-11-12 11:48:58 +0000},
  file           = {file:///home/BCAMATH/efoster/Research/Papers/Rallabhandi0130.pdf},
  keywords       = {Sonic Boom, Adjoint, Augmented Burgers},
  month          = {27 - 30 June},
  organization   = {AIAA},
  series         = {Applied Aerodynamics Conference},
  title          = {Sonic Boom Adjoint Methodology and its Applications},
  year           = {Amer. Inst. of Aero. Astro.}
}

@Book{LeBlond1981,
  Author         = {LeBlond, Paul H. and Mysak, Lawrence A.},
  Title          = {Waves in the {O}cean},
  Publisher      = {Access online via Elsevier},
  keywords       = {Ocean Modelling, Shallow Water},
  url            = {http://books.google.es/books?hl=en&lr=&id=TYGIwzz_k8kC&oi=fnd&pg=PP2&dq=%22waves+in+the+ocean%22+leblond&ots=Stq9myKzzs&sig=BMHhzhSwSlmVl7w-Lu3vmv0dUOY&redir_esc=y#v=onepage&q=%22waves%20in%20the%20ocean%22%20leblond&f=false},
  year           = 1981
}

@Article{Tezduyar1989,
  Author         = {Tezduyar, T. E.},
  Title          = {Finite element formulation for the vorticity-stream
                   function form of the incompressible {E}uler equations
                   on multiply-connected domains},
  Journal        = {Comp. Meth. Appl. Mech. Eng.},
  Volume         = {73},
  Pages          = {331-339},
  date-added     = {2013-07-04 06:46:58 +0000},
  date-modified  = {2013-11-12 11:48:59 +0000},
  file           = {file:///home/BCAMATH/efoster/Research/Papers/Tezduyar1989.pdf},
  year           = 1989
}

@conference{Barrios2009,
  address        = {Ciudad Real},
  author         = {Barrios, T. P. and Cascon, J. M. and Garcia, G. C.},
  booktitle      = {XXI Congreso de Equaciones Diferenciales y
                   Aplicaciones},
  date-added     = {2013-06-25 06:28:48 +0000},
  date-modified  = {2013-11-12 11:48:59 +0000},
  file           = {file:///home/BCAMATH/efoster/Research/Papers/Barrios2009.pdf},
  keywords       = {Stream function-vorticity formulation, A posteriori
                   error analysis, Adaptivity, Stokes system},
  month          = {September},
  pages          = {1-8},
  series         = {XI Congreso de Matematica Aplicada},
  title          = {A posteriori error analysis for a large-scale ocean
                   circulation finite element model},
  year           = 2009
}

@Book{Johnson2009,
  Author         = {{Claes Johnson}},
  Title          = {Numerical {S}olution of {P}artial {D}ifferential
                   {E}quations by the {F}inite {E}lement {M}ethod},
  Publisher      = {Dover},
  Address        = {Mineola, New York},
  year           = 2009
}

@Article{Argyris,
  Author         = {Argyris, J. H. and Fried, I. and Scharpf, D. W.},
  Title          = {The {TUBA} family of plate elements for the matrix
                   displacement method},
  Journal        = {Aero. J.},
  Volume         = {72},
  Pages          = {701-709},
  date-modified  = {2013-11-12 11:48:59 +0000},
  file           = {file:///home/BCAMATH/efoster/Research/Papers/Argyris1968.pdf},
  year           = 1968
}

@Article{Hughes1986b,
  Author         = {Hughes, Thomas J.R. and Mallet, Michel and Akira,
                   Mizukami},
  Title          = {A new finite element formulation for computational
                   fluid dynamics: II. Beyond {SUPG}},
  Journal        = {Computer Methods in Applied Mechanics and Engineering},
  Volume         = {54},
  Number         = {3},
  Pages          = {341 - 355},
  date-added     = {2013-10-31 11:43:57 +0000},
  date-modified  = {2013-11-12 11:48:58 +0000},
  doi            = {http://dx.doi.org/10.1016/0045-7825(86)90110-6},
  issn           = {0045-7825},
  keywords       = {shock capturing, streamline diffusion},
  url            = {http://www.sciencedirect.com/science/article/pii/0045782586901106},
  year           = 1986
}

@Article{Fairag,
  Author         = {Fairag, F. and Almulla, N.},
  Title          = {Finite element technique for solving the stream
                   function form of a linearized {N}avier-{S}tokes
                   equations using {A}rgyris element},
  Journal        = {Arxiv preprint math/0406070},
  date-modified  = {2013-11-12 11:49:05 +0000},
  file           = {file:///home/BCAMATH/efoster/Research/Papers/Fairag2004.pdf},
  year           = 2004
}

@Article{Pitkaranta1981,
  Author         = {Pitk{\"a}ranta, J.},
  Title          = {The finite element method with {L}agrange multipliers
                   for domains with corners},
  Journal        = {Mathematics of Computation},
  Volume         = {37},
  Number         = {155},
  Pages          = {13--30},
  date-added     = {2013-03-27 17:25:24 +0000},
  date-modified  = {2013-04-19 14:12:29 +0000},
  url            = {http://www.ams.org/mcom/1981-37-155/S0025-5718-1981-0616357-9/},
  urldate        = {2013-03-27},
  year           = 1981
}

@Book{Alnae2011,
  Author         = {Aln\ae, M. S. and Hake, J. and Kirby, R. C. and
                   Langtangen, H. P. and Logg, A. Wells, G. N.},
  Title          = {The {FE}ni{CS} Manual: Excerpts from the {FE}ni{CS}
                   Book},
  Publisher      = {Free Software Foundation},
  date-added     = {2013-07-25 18:57:13 +0000},
  date-modified  = {2013-11-12 11:48:58 +0000},
  file           = {file:///home/BCAMATH/efoster/Research/Papers/Alnae2011.pdf},
  month          = {October},
  year           = 2011
}

@Unpublished{Wu2012,
  Author         = {Wu, Jiahong},
  Title          = {The 2{D} Incompressible {B}ousinesq Equations},
  Note           = {Lecture Notes},
  address        = {Stillwater, Oklahoma},
  date-added     = {2013-09-21 07:04:24 +0000},
  date-modified  = {2013-11-12 11:48:58 +0000},
  file           = {file:///home/BCAMATH/efoster/Research/Papers/Wu2012.pdf},
  keywords       = {Bousinesq Equations},
  month          = {July},
  school         = {Oklahoma State University},
  year           = 2012
}

@Article{Hughes1986a,
  Author         = {Hughes, T. J.R. and Franca, L. P. and Balestra, M.},
  Title          = {A new finite element formulation for computational
                   fluid dynamics: V. Circumventing the {B}abuska-{B}rezzi
                   condition: A stable {P}etrov-{G}alerkin formulation of
                   the {S}tokes problem accommodating equal-order
                   interpolations},
  Journal        = {Comp. Meth. Appl. Mech. Eng.},
  Volume         = {59},
  Pages          = {85-99},
  date-added     = {2013-09-06 09:55:33 +0000},
  date-modified  = {2013-11-12 11:48:58 +0000},
  file           = {file:///home/BCAMATH/efoster/Research/Papers/Hughes1986.pdf},
  keywords       = {Petrov-Galerkin, stabilization},
  year           = 1986
}

@InProceedings{LJH08,
  Author         = {Legg, Sonya and Jackson, L. and Hallberg, Robert W.},
  Title          = {Eddy-resolving modeling of overflows},
  BookTitle      = {Ocean {M}odeling in an {E}ddying {R}egime},
  Volume         = {177},
  Series         = {Geophysical Monograph},
  Address        = {Washington, D. C.},
  Organization   = {American Geophysical Union},
  doi            = {10.1029/177GM06},
  editors        = {Matthew W. Hecht, Hiroyasu Hasumi},
  file           = {file:///home/BCAMATH/efoster/Research/Papers/Legg2008.pdf},
  keywords       = {Eddies, Ocean Modelling},
  year           = 2008
}

@Article{Charney1949,
  Author         = {Charney, J. G.},
  Title          = {On a Physical Basis for Numerical Prediction of
                   Large-Scale Motions in the Atmosphere},
  Journal        = {J. of Meteorology},
  Volume         = {6},
  Number         = {6},
  Pages          = {371-385},
  date-added     = {2013-04-10 23:11:10 +0000},
  date-modified  = {2013-11-12 11:48:59 +0000},
  file           = {file:///home/BCAMATH/efoster/Research/Papers/Charney1949.pdf},
  month          = {December},
  year           = 1949
}

@Article{Griffies2000,
  Author         = {Griffies, S. M. and B{\"o}ning, C. and Bryan, F. O.
                   and Chassignet, E. P. and Gerdes, R. and Hasumi, H. and
                   Hirst, A. and Treguier, A.-M. and Webb, D.},
  Title          = {Developments in Ocean Climate Modelling},
  Journal        = {Ocean Model.},
  Volume         = {2},
  Pages          = {123-192},
  date-added     = {2013-07-11 09:33:05 +0000},
  date-modified  = {2013-11-12 11:48:59 +0000},
  file           = {file:///home/BCAMATH/efoster/Research/Papers/Griffies2000.pdf},
  year           = 2000
}

@url{GiraldoWWW,
  author         = {Giraldo, F.},
  date-added     = {2013-07-12 09:35:17 +0000},
  date-modified  = {2013-07-12 09:39:07 +0000},
  keywords       = {Finite element, discontinuous galerkin, ocean model},
  note           = {\url{http://faculty.nps.edu/fxgirald/projects/DGCOM/Introduction_to_DGCOM.html}},
  title          = {Discontinuous {G}alerkin Coastal Ocean Model ({DGCOM})},
  urldate        = {12 July 2013}
}

@Book{Logg2011,
  Author         = {Logg, A. and Mardal, K.-A. and Wells, G. N.},
  Title          = {Automated Solution od Differential Equations by the
                   Finite Element Method},
  date-added     = {2013-08-30 15:58:14 +0000},
  date-modified  = {2013-11-12 11:48:58 +0000},
  file           = {file:///home/BCAMATH/efoster/Research/Papers/Logg2011.pdf},
  year           = 2011
}

@Article{Barbosa1992,
  Author         = {Barbosa, H. and Hughes, T.},
  Title          = {Boundary {L}agrange multipliers in finite element
                   methods: error analysis in natural norms},
  Journal        = {Numer. Math.},
  Volume         = {62},
  Number         = {1},
  Pages          = {1--15},
  date-added     = {2013-03-27 17:20:32 +0000},
  date-modified  = {2013-11-12 11:49:07 +0000},
  shorttitle     = {Boundary Lagrange multipliers in finite element
                   methods},
  url            = {http://link.springer.com/article/10.1007/BF01396217},
  urldate        = {2013-03-27},
  year           = 1992
}

@Article{Wang08,
  Author         = {Wang, Q. and Danilov, S. and Schr{\"o}ter, J.},
  Title          = {Finite element ocean circulation model based on
                   triangular prismatic elements, with application in
                   studying the effect of topography representation},
  Journal        = {J. of Geophys. Res.},
  Volume         = {113},
  date-modified  = {2013-11-12 11:49:07 +0000},
  file           = {file:///home/BCAMATH/efoster/Research/Papers/Wang2008.pdf},
  year           = 2008
}

@Article{Fairag03,
  Author         = {Fairag, F.},
  Title          = {Numerical computations of viscous, incompressible flow
                   problems using a two-level finite element method},
  Journal        = {SIAM J. Sci. Comp.},
  Volume         = {24},
  Number         = {6},
  Pages          = {1919-1929},
  year           = 2003
}

@Article{McWilliams1996,
  Author         = {{McWilliams}, James C.},
  Title          = {Modeling the oceanic general circulation},
  Journal        = {Annual review of fluid mechanics},
  Volume         = {28},
  Number         = {1},
  Pages          = {215--248},
  date-added     = {2013-03-25 18:25:02 +0000},
  date-modified  = {2013-11-12 11:49:07 +0000},
  url            = {http://www.annualreviews.org/doi/abs/10.1146/annurev.fl.28.010196.001243},
  urldate        = {2013-03-25},
  year           = 1996
}

@Article{Ren2004,
  Author         = {Ren, C.-F. and Ma, Y.-C.},
  Title          = {Residual a posteriori error estimate two-grid methods
                   for the steady {N}avier-{S}tokes equation with stream
                   function form},
  Journal        = {Appl. Math. and Mech.},
  Volume         = {25},
  Number         = {5},
  Pages          = {546-559},
  date-added     = {2013-07-08 07:16:28 +0000},
  date-modified  = {2013-11-12 11:48:59 +0000},
  file           = {file:///home/BCAMATH/efoster/Research/Papers/Ren2004.pdf},
  keywords       = {two-level method, Navier-Stokes equation, residual a
                   posteriori error estimate, finite element method,
                   stream function form},
  month          = {May},
  year           = 2004
}

@Article{Borggaard08,
  Author         = {Borggaard, J. and Iliescu, T. and Lee, H. and Roop, J.
                   P. and Son, H.},
  Title          = {A Two-Level Discretization Method for the
                   {S}magorinsky Model},
  Journal        = {Multiscale Modeling \& Simulation},
  Volume         = {7},
  Number         = {2},
  Pages          = {599-621},
  doi            = {10.1137/070704812},
  eprint         = {http://epubs.siam.org/doi/pdf/10.1137/070704812},
  url            = {http://epubs.siam.org/doi/abs/10.1137/070704812},
  year           = 2008
}

@TechReport{Mitsotakis2013,
  Author         = {Mitsotakis, Dimitrios},
  Title          = {Boussinesq systems in two space dimensions over a
                   variable bottom for the generation and propagation of
                   tsunami waves},
  Type           = {Technical Report},
  date-added     = {2013-10-08 13:09:15 +0000},
  date-modified  = {2013-11-12 11:48:58 +0000},
  file           = {file:///home/BCAMATH/efoster/Research/Papers/Mitsotakis2013.pdf},
  year           = 2013
}

@Article{Layton93,
  Author         = {Layton, W.},
  Title          = {A two-Level discretization method for the
                   {N}avier-{S}tokes equations},
  Journal        = {Comp. Math. Applic.},
  Volume         = {26},
  Number         = {2},
  Pages          = {33-38},
  date-modified  = {2013-11-12 11:49:05 +0000},
  file           = {file:///home/BCAMATH/efoster/Research/Papers/Layton1993.pdf},
  year           = 1993
}

@Article{Tezduyar88,
  Author         = {Tezduyar, T. E. and Glowinski, R. and Liou, J.},
  Title          = {Petrov-{G}alerkin methods on multiply connected
                   domains for the vorticity-stream function formulation
                   of the incompressible {N}avier-{St}okes equations},
  Journal        = {Int. J. Num. Meth. Fluids},
  Volume         = {8},
  Number         = {10},
  Pages          = {1269--1290},
  year           = 1988
}

@Article{Le-Roux2005,
  Author         = {Le Roux, D. Y. and S{\`e}ne, A and Rostand, V. and
                   Hanert, E.},
  Title          = {On some spurious mode issues in shallow-water models
                   using a linear algebra approach},
  Journal        = {Ocean Model.},
  Volume         = {10},
  Pages          = {83-94},
  date-added     = {2013-09-06 09:31:48 +0000},
  date-modified  = {2013-11-12 11:48:58 +0000},
  file           = {file:///home/BCAMATH/efoster/Research/Papers/LeRoux2005.pdf},
  keywords       = {Ocean modelling; Shallow-water equations; Spurious
                   computational modes; Finite-difference method;
                   Finite-element method},
  year           = 2005
}

@Article{Cummins,
  Author         = {Cummins, P. F.},
  Title          = {Inertial gyres in decaying and forced geostrophic
                   turbulence},
  Journal        = {J. Mar. Res.},
  Volume         = {50},
  Number         = {4},
  Pages          = {545-566},
  year           = 1992
}

@Book{Solin,
  Author         = {Solin, P.},
  Title          = {Partial differential equations and the finite element
                   method},
  Publisher      = {John Wiley & Sons, Inc.},
  date-modified  = {2013-04-24 17:18:51 +0000},
  isbn           = {9780471764106},
  year           = 2005
}

@Book{Berselli06,
  Author         = {Berselli, L. and Iliescu, T. and Layton, W.},
  Title          = {Mathematics of large eddy simulation of turbulent
                   flows},
  Publisher      = {Springer Verlag},
  year           = 2006
}

@Article{Zhang2013,
  Author         = {Zhang, Ron-Pei and Yu, Xi-Jun and Zhao, Guo-Zhong},
  Title          = {Modified {B}urgers' equation by the local
                   discontinuour {G}alerkin method},
  Journal        = {Chin. Phys. B},
  Volume         = {22},
  Number         = {3},
  date-added     = {2013-09-12 13:07:10 +0000},
  date-modified  = {2013-11-12 11:48:58 +0000},
  doi            = {10.1088/1674-1056/22/3/030210},
  file           = {file:///home/BCAMATH/efoster/Research/Papers/Zhang2013.pdf},
  keywords       = {modified Burgers Equation, local discontinuous
                   galerkin},
  year           = 2013
}

@TechReport{Dominguez06,
  Author         = {Dominguez, V. and Sayas, F. J.},
  Title          = {A simple {M}atlab implementation of {A}rgyris element},
  Institution    = {Universidad de Zaragoza},
  Number         = {25},
  date-modified  = {2013-11-12 11:48:59 +0000},
  file           = {file:///home/BCAMATH/efoster/Research/Papers/Dominguez2006.pdf},
  journal        = {Pre-publiciones del Seminario Matem{\'a}tico
                   ``Garc{\'\i}a de Galdeno''},
  pages          = {1},
  year           = 2006
}

@PhdThesis{Pinton2007,
  Author         = {Pinton, G. F.},
  Title          = {Numerical Methods for Nonlinear Wave Propagation in
                   Ultrasound},
  School         = {Duke University},
  date-added     = {2013-09-11 13:13:13 +0000},
  date-modified  = {2013-11-12 11:48:58 +0000},
  file           = {file:///home/BCAMATH/efoster/Research/Papers/Pinton2007.pdf},
  keywords       = {KZK Equations, Aeroacustics, Burgers Equation},
  year           = 2007
}

@Book{Dijkstra08,
  Author         = {Dijkstra, H. E.},
  Title          = {Dynamical Oceanography},
  Publisher      = {Springer Verlag},
  year           = 2008
}

@Article{Ye99AMC,
  Author         = {Ye, X.},
  Title          = {Two grid discretization with backtracking of the
                   stream function form of the {N}avier-{S}tokes equations},
  Journal        = {Appl. Math. \& Comp.},
  Volume         = {100},
  Pages          = {131-138},
  date-modified  = {2013-04-24 17:17:37 +0000},
  year           = 1999
}

@Book{Ciarlet,
  Author         = {Ciarlet, P. G.},
  Title          = {The finite element method for elliptic problems},
  Publisher      = {North-Holland},
  isbn           = {0444850287},
  year           = 1978
}

@Book{McWilliams06,
  Author         = {McWilliams, J.},
  Title          = {Fundamentals of geophysical fluid dynamics},
  Publisher      = {Cambridge Univ Pr},
  year           = 2006
}

@Article{Batteen1981,
  Author         = {{Mary L. Batteen} and {Y.-J. Han}},
  Title          = {On the computational noise of finite-difference
                   schemes used in ocean models},
  Journal        = {Tellus},
  Volume         = {33},
  Pages          = {387-396},
  file           = {file:///home/BCAMATH/efoster/Research/Papers/Batten1981.pdf},
  keywords       = {Ocean Modelling, Stabilization, Shallow Water},
  year           = 1981
}

@PhdThesis{Cleveland1995,
  Author         = {Cleveland, Robin Olav},
  Title          = {Propagation of Sonic Booms Through a Real, Streatafied
                   Atmosphere},
  School         = {University of Texas at Austin},
  Type           = {Dissertation},
  date-added     = {2013-11-05 07:45:43 +0000},
  date-modified  = {2013-11-12 11:48:58 +0000},
  file           = {file:///home/BCAMATH/efoster/Research/Papers/Cleveland1995.pdf},
  keywords       = {Sonic Boom, Augmented Burgers},
  month          = {May},
  year           = 1995
}

@Article{Charney1950,
  Author         = {Charney, J. G. and Fj{\"o}rtoft, R. and von Neumann,
                   J.},
  Title          = {Numerical Integration of the Barotropic Vorticity
                   Equation},
  Journal        = {Tellus},
  Volume         = {2},
  Pages          = {237-254},
  date-added     = {2013-03-25 16:46:06 +0000},
  date-modified  = {2013-11-12 11:48:59 +0000},
  file           = {file:///home/BCAMATH/efoster/Research/Papers/Charney1950.pdf},
  lccn           = {0000},
  year           = 1950
}

@Article{Babuska1978,
  Author         = {Babuska, I. and Rheinboldt, W. C.},
  Title          = {Error Estimates for Adaptive Finite Element
                   Computations},
  Journal        = {SIAM J. Numer. Anal.},
  Volume         = {15},
  Number         = {4},
  Pages          = {736-754},
  date-added     = {2013-07-11 12:40:48 +0000},
  date-modified  = {2013-11-12 11:48:58 +0000},
  file           = {file:///home/BCAMATH/efoster/Research/Papers/Babuska1978.pdf},
  month          = {August},
  year           = 1978
}

@TechReport{Ip1995,
  Author         = {Ip, J. T. C. and Lynch, D. R.},
  Title          = {Comprehensive Coastal Circulation Simulation using
                   Finite Elements: Nonlinear Prognostic Time-Stepping
                   Model {QUODDY3} user's Manual},
  Institution    = {Dartmouth College},
  Number         = {NML95-1},
  Address        = {Hanover, N.H.},
  date-added     = {2013-07-12 09:05:01 +0000},
  date-modified  = {2013-11-12 11:48:58 +0000},
  file           = {file:///home/BCAMATH/efoster/Research/Papers/Ip1995.ps},
  month          = {May},
  year           = 1995
}

@Article{Price1987,
  Author         = {Price, J. F. and Weller, R. A. and Schudlich, R. R.},
  Title          = {Wind-Driven Ocean Currents {E}kman Transport},
  Journal        = {Science},
  Volume         = {238},
  Number         = {4833},
  Pages          = {1534--1538},
  date-added     = {2013-03-26 00:26:31 +0000},
  date-modified  = {2013-03-29 19:24:43 +0000},
  doi            = {10.2307/1700971},
  lccn           = {0000},
  series         = {New Series},
  year           = 1987
}

@Book{Pedlosky92,
  Author         = {Pedlosky, J.},
  Title          = {Geophysical fluid dynamics},
  Publisher      = {Springer},
  Edition        = {second},
  year           = 1992
}

@Article{Greatbatch00,
  Author         = {Greatbatch, R. J. and Nadiga, B. T.},
  Title          = {Four-gyre circulation in a barotropic model with
                   double-gyre wind forcing},
  Journal        = {J. Phys. Oceanogr.},
  Volume         = {30},
  Pages          = {1461-1471},
  date-modified  = {2013-11-12 11:49:05 +0000},
  file           = {file:///home/BCAMATH/efoster/Research/Papers/Greatbatch2000.pdf},
  year           = 200
}

@Article{Ganachaud2003,
  Author         = {Ganachaud, Alexandre and Wunsch, Carl},
  Title          = {Large-scale ocean heat and freshwater transports
                   during the World Ocean Circulation Experiment},
  Journal        = {J. of Climate},
  Volume         = {16},
  Number         = {4},
  Pages          = {696--705},
  date-added     = {2013-03-23 16:02:06 +0000},
  date-modified  = {2013-04-24 17:21:25 +0000},
  url            = {http://journals.ametsoc.org/doi/pdf/10.1175/1520-0442(2003)016%3C0696%3ALSOHAF%3E2.0.CO%3B2},
  urldate        = {2013-03-23},
  year           = 2003
}

@Article{Morner95,
  Author         = {M{\"o}rner, N. A.},
  Title          = {Earth rotation, ocean circulation and paleoclimate},
  Journal        = {GeoJournal},
  Pages          = {419-430},
  date-modified  = {2013-11-12 11:49:05 +0000},
  file           = {file:///home/BCAMATH/efoster/Research/Papers/Morner1995.pdf},
  vol            = {37},
  year           = 1995
}

@Article{Haertel2009,
  Author         = {Haertel, P. T. and Van Roekel, L.e and Jensen, T. G.},
  Title          = {Constructing an idealized model of the North Atlantic
                   Ocean using slippery sacks},
  Journal        = {Ocean Modelling},
  Volume         = {27},
  Number         = {3-4},
  Pages          = {143--159},
  date-added     = {2013-03-25 18:24:04 +0000},
  date-modified  = {2013-04-24 17:20:39 +0000},
  doi            = {10.1016/j.ocemod.2008.12.003},
  issn           = {14635003},
  month          = jan,
  url            = {http://linkinghub.elsevier.com/retrieve/pii/S1463500308001807},
  urldate        = {2013-03-25},
  year           = 2009
}

@Article{Pedlosky1997,
  Author         = {Pedlosky, J. and Pratt, L. J. and Spall, M. A. and
                   Helfrich, K. R.},
  Title          = {Circulation around islands and ridges},
  Journal        = {J. of Marine Res.},
  Volume         = {55},
  Pages          = {1199-1251},
  date-added     = {2013-06-25 10:34:44 +0000},
  date-modified  = {2013-11-12 11:48:59 +0000},
  file           = {file:///home/BCAMATH/efoster/Research/Papers/Pedlosky1997.pdf},
  year           = 1997
}

@Article{Beesley2008,
  Author         = {Beesley, D. and Olejarz, J. and Tandon, A. and
                   Marshall, J.},
  Title          = {A Laboratory Demonstration of {C}oriolis Effects on
                   Wind-Driven ocean currents},
  Journal        = {Oceanography},
  Volume         = {21},
  Number         = {2},
  Pages          = {72},
  date-added     = {2013-03-26 12:42:19 +0000},
  date-modified  = {2013-11-12 11:49:07 +0000},
  url            = {http://www-paoc.mit.edu/labguide/pdf/amit_fans_paper.pdf},
  urldate        = {2013-03-26},
  year           = 2008
}

@InCollection{Bernadou94,
  Author         = {Bernadou, M.},
  Title          = {Straight and curved finite elements of class {$C^1$}
                   and some applications to thin shell problems},
  BookTitle      = {Finite element methods ({J}yv{\"a}skyl{\"a}, 1993)},
  Publisher      = {Dekker},
  Volume         = {164},
  Series         = {Lecture Notes in Pure and Appl. Math.},
  Pages          = {63--77},
  Address        = {New York},
  mrclass        = {73V05 (65N30 73K15)},
  mrnumber       = {1299988 (95f:73068)},
  year           = 1994
}

@Article{Bewley2000,
  Author         = {Bewley, T. R. and Temam, R. and Ziane, M.},
  Title          = {A General Framework for Robust Control in Fluid
                   Mechanics},
  Journal        = {Physica D},
  Volume         = {138},
  Pages          = {360-392},
  date-added     = {2013-06-06 15:43:58 +0200},
  date-modified  = {2013-11-12 11:48:59 +0000},
  file           = {file:///home/BCAMATH/efoster/Research/Papers/Bewley2000.pdf},
  year           = 2000
}

@Book{Vallis06,
  Author         = {Vallis, G. K.},
  Title          = {Atmosphere and ocean fluid dynamics: {F}undamentals
                   and large-scale circulation},
  Publisher      = {Cambridge University Press},
  year           = 2006
}

@Article{Dominguez08,
  Author         = {Dominguez, V. and Sayas, F. J.},
  Title          = {Algorithm 884: {A} simple {M}atlab implementation of
                   the {A}rgyris element},
  Journal        = {ACM Transaction on Mathematical Software},
  Volume         = {35},
  Number         = {2},
  date-modified  = {2013-11-12 11:48:59 +0000},
  file           = {file:///home/BCAMATH/efoster/Research/Papers/Dominguez2008.pdf},
  year           = 2008
}

@Book{Johnson,
  Author         = {Johnson, C.},
  Title          = {Numerical solution of partial differential equations
                   by the finite element method},
  Publisher      = {Cambridge University Press},
  Volume         = {32},
  Address        = {New York},
  date-modified  = {2013-03-29 19:22:07 +0000},
  year           = 1987
}

@Book{Braess,
  Author         = {Braess, D.},
  Title          = {Finite elements: {T}heory, fast solvers, and
                   applications in solid mechanics},
  Publisher      = {Cambridge University Press},
  year           = 2001
}

@Article{Foster2L,
  Author         = {Foster, E. L. and Iliescu, T. and Wells, D.},
  Title          = {A two-level finite element discretization of the
                   streamfunction formulation of the stationary
                   quasi-geostrophic equations of the ocean},
  Journal        = {Comp. \& Math. with Applic.},
  Volume         = {66},
  Number         = {7},
  Pages          = {1261-1271},
  date-added     = {2013-03-25 14:52:06 +0000},
  date-modified  = {2013-08-31 21:22:19 +0000},
  file           = {file:///home/BCAMATH/efoster/Documents/Research/QGE.FEM/TwoLevel/Paper/TwoLevel.pdf},
  keywords       = {two-level method, Finite element, C^1,
                   quasi-geostrophic equation},
  year           = 2013
}

@Article{Bernardi1991,
  Author         = {Bernardi, C. and Pironneau, O.},
  Title          = {On the Shallow Water Equations at low {R}eynolds
                   Number},
  Journal        = {Commun. in PDEs},
  Volume         = {16},
  Number         = {1},
  Pages          = {59-104},
  date-added     = {2013-08-09 13:47:32 +0000},
  date-modified  = {2013-11-12 11:48:58 +0000},
  file           = {file:///home/BCAMATH/efoster/Research/Papers/Bernardi1991.pdf},
  keywords       = {shallow water equations},
  year           = 1991
}

@Article{Rallabhandi2011b,
  Author         = {Rallabhandi, S. K.},
  Title          = {Advanced Sonic Boom Prediction using the Augmented
                   {B}urgers Equation},
  Journal        = {J. of Aircraft},
  Volume         = {48},
  Number         = {4},
  Pages          = {1245-1253},
  date-added     = {2013-09-11 11:22:52 +0000},
  date-modified  = {2013-11-12 11:48:58 +0000},
  doi            = {10.2514/1.C031248},
  file           = {file:///home/BCAMATH/efoster/Research/Papers/Rallabhandi2011.pdf},
  keywords       = {Sonic Boom, Burgers Equation},
  month          = {July},
  year           = 2011
}

@Article{Risien2008,
  Author         = {Risien, C. M. and Chelton, D. B.},
  Title          = {A Global Climatology of Surface Wind and Wind Stress
                   Fields from Eight Years of {Q}uick{SCAT} Scatterometer
                   Data},
  Journal        = {American Met. Soc.},
  Volume         = {38},
  Pages          = {2379-2413},
  date-added     = {2013-06-21 11:56:21 +0000},
  date-modified  = {2013-11-12 11:48:59 +0000},
  file           = {file:///home/BCAMATH/efoster/Research/Papers/Risien2008.pdf},
  year           = 2008
}

@PhdThesis{Barter2008,
  Author         = {Barter, Garrett Ehud},
  Title          = {Shock Capturing with {PDE}-based artificial viscosity
                   for an adaptive, higher-order discontinuous {G}alerkin
                   finite element method},
  School         = {MIT},
  date-added     = {2013-09-18 10:17:09 +0000},
  date-modified  = {2013-11-12 11:48:58 +0000},
  file           = {file:///home/BCAMATH/efoster/Research/Papers/Barter2008.pdf},
  month          = {June},
  year           = 2008
}

@Article{GMSH,
  Author         = {Geuzaine, C. and Remacle, J.-F.},
  Title          = {Gmsh: a three-dimensional finite element mesh
                   generator with built-in pre- and post-processing
                   facilities},
  Journal        = {Inter. J. for Num. Meth. in Eng.},
  Volume         = {79},
  Number         = {11},
  Pages          = {1309-1331},
  year           = 2009
}

@Article{Medjo99,
  Author         = {Medjo, T. T.},
  Title          = {Mixed formulation of the two-layer quasi-geostrophic
                   equations of the ocean},
  Journal        = {SIAM J. on Appl. Math.},
  Volume         = {15},
  Number         = {4},
  Pages          = {489-502},
  date-modified  = {2013-11-12 11:49:05 +0000},
  file           = {file:///home/BCAMATH/efoster/Research/Papers/Medjo1999.pdf},
  year           = 1999
}

@InBook{Hoffman2003,
  Author         = {Hoffman, Johan and Johnson, Claes},
  Editor         = {Barth, T. J. and Deconinck, H.},
  Title          = {Adaptive finite element methods for incompressible
                   fluid flow},
  Chapter        = {Error Estimation and Adaptive Discretization in
                   Computational Fluid Dynamics},
  Pages          = {97-158},
  Publisher      = {Springer-Verlag Publishing},
  Volume         = {25},
  Series         = {Lecture Notes in Computational Science and Engineering},
  Address        = {Heidelberg},
  date-added     = {2013-09-20 07:26:41 +0000},
  date-modified  = {2013-11-12 11:48:58 +0000},
  file           = {file:///home/BCAMATH/efoster/Research/Papers/Hoffman2003.pdf},
  keywords       = {adaptive finite element method, incompressible flow},
  year           = 2003
}

@Misc{GSHHS,
  Author         = {Center, {NOAA} National Geophysical Data},
  Title          = {Coastline extracted {GSHHG}},
  HowPublished   = {http://www.ngdc.noaa.gov/mgg/shorelines/shorelines.html},
  date-modified  = {2013-04-19 14:09:25 +0000},
  month          = {January},
  year           = 2013
}

@InBook{Stegner2004,
  Author         = {Stegner, Alexandre and Farge, Marie and Schneider, Kai
                   and Perret, Ga{\"e}le and Azzalini, Alexandre},
  Editor         = {Uijttewaal, Wim S . J . and Jirka, Gerhard H .},
  Title          = {Shallow Flows},
  Chapter        = {16: Rotating shallow water flow past an obstacle},
  Pages          = {137-142},
  Publisher      = {Taylor \& Francis},
  date-added     = {2013-09-17 09:13:53 +0000},
  date-modified  = {2013-11-12 11:48:58 +0000},
  doi            = {10.1201/9780203027325.ch16},
  file           = {file:///home/BCAMATH/efoster/Research/Papers/Stegner2004.pdf},
  keywords       = {shallow water equations, flow past a cylinder},
  month          = {September},
  year           = 2004
}

@Book{Nansen1897,
  Author         = {Nansen, F.},
  Title          = {Farthest North},
  Publisher      = {Harper \& Borthers},
  Address        = {New York},
  date-added     = {2013-04-19 16:18:40 +0000},
  date-modified  = {2013-04-24 17:19:26 +0000},
  year           = 1897
}

@Article{GunzburgerApprox,
  Author         = {Gunzburger, M. D. and Peterson, J.S.},
  Title          = {On finite-element approximations of the
                   streamfunction-vorticity and velocity-vorticity
                   equations},
  Journal        = {Internat. J. Numer. Meth. Fluids},
  Volume         = {8},
  Number         = {10},
  Pages          = {1229-1240},
  year           = 1988
}

@Article{Auricchio2007,
  Author         = {Auricchio, F. and Beir\~ao de Veiga, L. and Buffa, A.
                   and Lovadina, C. and Reali, A. and Sangalli, G.},
  Title          = {A fully ``locking-free'' isogeometric approach for
                   plane linear elasticity problems: a stream function
                   formulation},
  Journal        = {Comp. Meth. in Appl. Mech. and Eng.},
  Volume         = {197},
  Pages          = {160-172},
  date-added     = {2013-04-22 00:54:07 +0000},
  date-modified  = {2013-11-12 11:48:59 +0000},
  file           = {file:///home/BCAMATH/efoster/Research/Papers/Auricchio2007.pdf},
  year           = 2007
}

@Article{Shao11,
  Author         = {Shao, X. and Han, D.},
  Title          = {A two-grid algorithm based on {N}ewton iteration for
                   the stream function form of the {N}avier-{S}tokes
                   equations},
  Journal        = {Appl. Math. J. Chinese Univ.},
  Volume         = {26},
  Number         = {3},
  Pages          = {368-378},
  date-modified  = {2013-11-12 11:49:07 +0000},
  file           = {file:///home/BCAMATH/efoster/Research/Papers/Shao2011.pdf},
  year           = 2011
}

@Article{Clement1975,
  Author         = {Cl{\'e}ment, Ph.},
  Title          = {Approximation by finite element functions using local
                   regularization},
  Journal        = {Rev. Fr. d'Auto., Inform. et Rech. Oper.},
  Volume         = {9},
  Number         = {2},
  Pages          = {77-84},
  date-added     = {2013-07-15 10:17:14 +0000},
  date-modified  = {2013-11-12 11:48:58 +0000},
  month          = {August},
  url            = {/Volumes/data/Documents/.SyncArchive/Research/Papers/Clément1975.pdf},
  year           = 1975
}

@Article{Okabe,
  Author         = {Okabe, M.},
  Title          = {Full-explicit interpolation formulas for the {A}rgyris
                   triangle},
  Journal        = {Comp. Meth. in Appl. Mech. and Eng.},
  Volume         = {106},
  Pages          = {381-394},
  date-modified  = {2013-11-12 11:49:07 +0000},
  file           = {file:///home/BCAMATH/efoster/Research/Papers/Okabe/Full-explicit
                   interpolation formulas for the Argyris triangle1993.pdf},
  year           = 1993
}

@Article{Winton2003,
  Author         = {Winton, M.},
  Title          = {On the climatic impact of ocean circulation},
  Journal        = {J. of Climate},
  Volume         = {16},
  Number         = {17},
  Pages          = {2875--2889},
  date-added     = {2013-03-25 16:15:36 +0000},
  date-modified  = {2013-03-29 19:27:19 +0000},
  url            = {http://journals.ametsoc.org/doi/abs/10.1175/1520-0442(2003)016%3C2875%3AOTCIOO%3E2.0.CO%3B2},
  urldate        = {2013-03-25},
  year           = 2003
}

@Book{Phillips1955,
  Author         = {Phillips, N. A.},
  Title          = {{J}ule {G}regory {C}harney},
  Publisher      = {National Academies Press},
  Address        = {Washington D.C.},
  date-added     = {2013-03-25 16:50:53 +0000},
  date-modified  = {2013-03-29 19:23:46 +0000},
  url            = {http://citeseerx.ist.psu.edu/viewdoc/download?doi=10.1.1.121.9992&rep=rep1&type=pdf},
  urldate        = {2013-03-25},
  year           = 1955
}

@Article{Blum1980,
  Author         = {Blum, H. and Rannacher, R. and Leis, R.},
  Title          = {On the boundary value problem of the biharmonic
                   operator on domains with angular corners},
  Journal        = {Math. Meth. in the Appl. Sci.},
  Volume         = {2},
  Number         = {4},
  Pages          = {556-581},
  date-added     = {2013-04-09 00:51:03 +0000},
  date-modified  = {2013-04-09 00:51:38 +0000},
  doi            = {10.1002/mma.1670020416},
  issn           = {1099-1476},
  publisher      = {John Wiley & Sons, Ltd},
  url            = {http://dx.doi.org/10.1002/mma.1670020416},
  year           = 1980
}

@InProceedings{Yulistiyanto2009,
  Author         = {Yulistiyanto, Bambang},
  Title          = {Numerical Modeling on Shallow Water 2{D} equations
                   applied on flow around a cylinder},
  BookTitle      = {The 6th International Conference on Numerical Analysis
                   in Engineering},
  Address        = {Lombok Island, Mataram City, West Nusa Tenggara
                   Province - Indonesia},
  date-added     = {2013-09-16 22:16:47 +0000},
  date-modified  = {2013-11-12 11:48:58 +0000},
  file           = {file:///home/BCAMATH/efoster/Research/Papers/Yulistiyanto2009.pdf},
  keywords       = {shallow-water 2D equations, numerical simulations,
                   flow fields around a cylinder},
  month          = {May},
  year           = 2009
}

@Book{Girault86,
  Author         = {Girault, V. and Raviart, P. A.},
  Title          = {Finite element methods for {N}avier-{S}tokes
                   equations: theory and algorithms},
  Publisher      = {Springer-Verlag},
  Volume         = {5},
  Series         = {Springer Series in Computational Mathematics},
  year           = 1986
}

@Article{Stommel1948,
  Author         = {Stommel, H.},
  Title          = {The Westward Intensification of Wind-driven Ocean
                   Currents},
  Journal        = {Transactions, AGU},
  Volume         = {29},
  Number         = {2},
  Pages          = {202--206},
  date-added     = {2013-03-25 19:33:55 +0000},
  date-modified  = {2013-11-12 11:48:59 +0000},
  file           = {file:///home/BCAMATH/efoster/Research/Papers/Stommel1948.pdf},
  lccn           = {0000},
  year           = 1948
}

@Article{Rebollo2009,
  Author         = {Rebollo, T. C. and M{\'a}rmol, M. G. and Mu{\~n}oz, I.
                   S.},
  Title          = {Finite element solution of the primitive equations of
                   the ocean by the orthogonal sub-scales method},
  Journal        = {Num. Math. and Adv. Appl.},
  Pages          = {245-252},
  date-added     = {2013-07-04 09:00:49 +0000},
  date-modified  = {2013-11-12 11:48:59 +0000},
  file           = {file:///home/BCAMATH/efoster/Research/Papers/Rebollo2010.pdf},
  year           = 2010
}

@Article{Borggaard12,
  Author         = {Borggaard, J. and Iliescu, T. and Roop, J. P.},
  Title          = {Two-level discretization of the {N}avier-{S}tokes
                   equations with r-{L}aplacian subgridscale viscosity},
  Journal        = {Num. Meth. P.D.E.s},
  Volume         = {28},
  Number         = {3},
  Pages          = {1056-1078},
  year           = 2012
}

@Article{Ye98,
  Author         = {Layton, W. and Ye, X.},
  Title          = {Nonconforming Two-level discretization of stream
                   function form of the {N}avier-{S}tokes equations},
  Journal        = {Appl. Math. \& Comp.},
  Volume         = {89},
  Pages          = {173-183},
  date-modified  = {2013-04-24 17:17:55 +0000},
  year           = 1998
}

@PhdThesis{FosterThesis,
  Author         = {Foster, E. L.},
  Title          = {Finite Elements for the quasi-geostrophic equations of
                   the ocean},
  School         = {Virginia Polytechnic Institute and State University},
  date-added     = {2013-06-26 14:12:41 +0000},
  date-modified  = {2013-06-26 14:14:05 +0000},
  file           = {file:///home/BCAMATH/efoster/Documents/Research/QGE.FEM/Thesis/Thesis.pdf},
  year           = 2013
}

@Article{Vallis1984,
  Author         = {Vallis, G. K.},
  Title          = {On the Spectral Integration of the Quasi-Geostrophic
                   Equations for Doubly-Periodic Channel Flow},
  Journal        = {J. of the Atmos. Sci.},
  Volume         = {42},
  Number         = {1},
  Pages          = {95-99},
  date-added     = {2013-07-10 10:22:56 +0000},
  date-modified  = {2013-11-12 11:48:59 +0000},
  file           = {file:///home/BCAMATH/efoster/Research/Papers/Vallis1985.pdf},
  month          = {January},
  year           = 1985
}

@Article{Tezduyar91,
  Author         = {Tezduyar, T. E. and Liou, J.},
  Title          = {On the downstream boundary conditions for the
                   vorticity-stream function formulation of
                   two-dimensional incompressible flows},
  Journal        = {Comp. Meth. Appl. Mech. Eng.},
  Volume         = {85},
  Number         = {2},
  Pages          = {207--217},
  year           = 1991
}

@Book{Evans1989,
  Author         = {Evans, L. C.},
  Title          = {Partial Differential Equations},
  Publisher      = {American Mathematical Society},
  Volume         = {19},
  Address        = {Providence},
  date-added     = {2013-04-07 15:49:29 +0000},
  date-modified  = {2013-04-07 15:51:35 +0000},
  year           = 1989
}

@Article{Ipatova10,
  Author         = {Ipatova, V. M. and Agoshkov, V. I. and Kobelkov, G. M.
                   and Zalesny, V. B.},
  Title          = {Theory of solvability of boundary value problems and
                   data assimilation problems for ocean dynamics equations},
  Journal        = {Russ. J. Numer. Anal. Math. Modelling},
  Volume         = {25},
  Number         = {6},
  Pages          = {511-534},
  date-modified  = {2013-11-12 11:49:05 +0000},
  file           = {file:///home/BCAMATH/efoster/Research/Papers/Ipatova2010.pdf},
  year           = 2010
}

@Article{Taylor1973,
  Author         = {Taylor, C. and Hood, P.},
  Title          = {A numerical solution of the {N}avier-{S}tokes
                   equations using the finite element technique},
  Journal        = {Comp. \& Fluids},
  Volume         = {1},
  Pages          = {73-100},
  date-added     = {2013-08-26 11:10:17 +0000},
  date-modified  = {2013-11-12 11:48:58 +0000},
  file           = {file:///home/BCAMATH/efoster/Research/Papers/Taylor1973.pdf},
  keywords       = {Navier-Stokes equation, Finite element},
  year           = 1973
}

@Article{Large1991,
  Author         = {Large, W. G. and Holland, W. R. and Evans, J. C.},
  Title          = {Quasi-geostrophic Ocean Response to Real Wind Forcing:
                   The Effects of Temporal Smoothing},
  Journal        = {J. of Phys. Ocean.},
  Volume         = {21},
  Pages          = {998-1017},
  date-added     = {2013-06-19 10:32:12 +0000},
  date-modified  = {2013-11-12 11:48:59 +0000},
  file           = {file:///home/BCAMATH/efoster/Research/Papers/Large1991.pdf},
  month          = {July},
  year           = 1991
}

@Article{Bryan1972,
  Author         = {Bryan, K. and Cox, M. D.},
  Title          = {The Circulation of the World Ocean: A Numerical Study,
                   Part I, A Homogeneous Model},
  Journal        = {J. of Phys. Ocean.},
  Volume         = {2},
  Pages          = {319-335},
  date-added     = {2013-03-24 00:06:49 +0000},
  date-modified  = {2013-11-12 11:48:59 +0000},
  file           = {file:///home/BCAMATH/efoster/Research/Papers/Bryan1972.pdf},
  month          = {October},
  year           = 1972
}

@Article{Pitkaranta1980,
  Author         = {Pitk{\"a}ranta, J.},
  Title          = {Local Stability Conditions for the {B}abuska Method of
                   {L}agrange Multipliers},
  Journal        = {Math. of Comp.},
  Volume         = {35},
  Number         = {152},
  Pages          = {1113-1129},
  date-added     = {2013-03-29 16:29:01 +0000},
  date-modified  = {2013-11-12 11:48:59 +0000},
  remote-url     = {http://www.jstor.org/stable/2006378%20.},
  url            = {http://www.jstor.org/stable/2006378 .},
  year           = 1980
}

@Article{Ye99NFAO,
  Author         = {Layton, W. and Ye, X.},
  Title          = {Two Level Discretization of the Stream Functions Form
                   of the {N}avier-{S}tokes Equations},
  Journal        = {Num. Func. Anal. \& Opt.},
  Volume         = {20},
  Pages          = {909-916},
  date-modified  = {2013-04-24 17:11:49 +0000},
  year           = 1999
}

@Article{Segeth2012,
  Author         = {Segeth, K.},
  Title          = {A comparison of a posteriori error estimates for
                   biharmonic problems solved by the FEM},
  Journal        = {J. of Comp. and Appl. Math.},
  Volume         = {236},
  Pages          = {4788-4797},
  date-added     = {2013-06-27 10:42:11 +0000},
  date-modified  = {2013-11-12 11:48:59 +0000},
  file           = {file:///home/BCAMATH/efoster/Research/Papers/Segeth2012.pdf},
  year           = 2012
}

@Book{Royden2010,
  Author         = {Royden, H. and Fitzpatrick, P.},
  Title          = {Real Analysis},
  Publisher      = {Prentice Hall},
  date-added     = {2013-03-29 19:03:30 +0000},
  date-modified  = {2013-03-29 19:25:26 +0000},
  year           = 2010
}

@Article{Ghil08,
  Author         = {Ghil, M. and Chekroun, M. D. and Simonnet, E.},
  Title          = {Climate dynamics and fluid mechanics: Natural
                   variability and related uncertainties},
  Journal        = {Physica D: Nonlinear Phenomena},
  Volume         = {237},
  Pages          = {2111-2126},
  date-modified  = {2013-03-29 19:19:41 +0000},
  year           = 2008
}

@Article{Le-Roux2000,
  Author         = {Le Roux, D. Y. and Lin, C. A. and Staniforth, A.},
  Title          = {A Semi-Implicit Semi-{L}agrangian Finite-Element
                   Shallow-Water Ocean Model},
  Journal        = {Mon. Wea. Rev.},
  Volume         = {126},
  Pages          = {1384-1401},
  date-added     = {2013-07-10 07:24:48 +0000},
  date-modified  = {2013-11-12 11:48:59 +0000},
  file           = {file:///home/BCAMATH/efoster/Research/Papers/LeRoux2000.pdf},
  year           = 2000
}

@Article{Cayco89,
  Author         = {Cayco, M. E. and Nicolaides, R. A.},
  Title          = {Analysis of nonconforming stream function and pressure
                   finite element spaces for the {N}avier-{S}tokes
                   equations},
  Journal        = {Comp. Math. Appl.},
  Volume         = {18},
  Number         = {8},
  Pages          = {745-760},
  date-modified  = {2013-11-12 11:48:59 +0000},
  file           = {file:///home/BCAMATH/efoster/Research/Papers/Cayco1989.pdf},
  year           = 1989
}

@Article{Fix84,
  Author         = {Fix, G. J. and Gunzburger, M. and Nicolaides, R. and
                   Peterson, J.},
  Title          = {Mixed finite element approximations for the biharmonic
                   equations},
  Journal        = {Proc. 5th Internat. Sympos. on Finite Elements and
                   Flow Problems (JT Oden, ed.), University of Texas,
                   Austin},
  Pages          = {281-286},
  year           = 1984
}

@Article{Comblen2008,
  Author         = {Comblen, Richard and Legrand, S\'ebastien and
                   Deleersnijder, Eric and Legat, Vincent},
  Title          = {A finite element method for solving the shallow water
                   equations on the sphere},
  Journal        = {Ocean Model.},
  Volume         = {28},
  Number         = {1-3},
  Pages          = {12-23},
  date-added     = {2013-08-02 08:38:14 +0000},
  date-modified  = {2013-11-12 11:48:58 +0000},
  file           = {file:///home/BCAMATH/efoster/Research/Papers/Comblen2009.pdf},
  keywords       = {curved manifolds, finite element, shallow water
                   equations, spherical geometry},
  year           = 2009
}

@Article{Bryan1969,
  Author         = {Bryan, Kirk},
  Title          = {A {N}umerical {M}ethod for the {S}tudy of the
                   {C}irculation of the {W}orld {O}cean},
  Journal        = {J. of Computational Physics},
  Volume         = {4},
  Pages          = {347-376},
  file           = {file:///home/BCAMATH/efoster/Research/Papers/Bryan1969.pdf},
  keywords       = {Ocean Modelling},
  year           = 1969
}

@Article{Adcroft98,
  Author         = {Adcroft, A. and Marshall, D.},
  Title          = {How slippery are piecewise-constant coastlines in
                   numerical ocean models?},
  Journal        = {Tellus, Ser. A and Ser. B-Dyn. Meteorol. Oceanogr.},
  Volume         = {50},
  Pages          = {95-108},
  date-modified  = {2013-11-12 11:49:07 +0000},
  file           = {file:///home/BCAMATH/efoster/Research/Papers/Adcroft1998.pdf},
  year           = 1998
}

@Article{John2001,
  Author         = {John, V.},
  Title          = {Residual a posteriori error estimates for two-level
                   finite element methods for the {N}avier--{S}tokes
                   equations},
  Journal        = {Appl. Num. Math.},
  Volume         = {37},
  Pages          = {503-518},
  date-added     = {2013-07-15 09:49:34 +0000},
  date-modified  = {2013-11-12 11:48:58 +0000},
  file           = {file:///home/BCAMATH/efoster/Research/Papers/John2001.pdf},
  keywords       = {Navier--Stokes equations, Residual a posteriori error
                   estimators, Two-level methods, Finite element methods},
  year           = 2001
}

@Article{Stevens82,
  Author         = {Stevens, W. N. R.},
  Title          = {Finite element, stream function-vorticity solution of
                   steady laminar natural convection},
  Journal        = {Int. J. Num. Meth. Fluids},
  Volume         = {2},
  Pages          = {381-394},
  date-modified  = {2013-11-12 11:49:07 +0000},
  file           = {file:///home/BCAMATH/efoster/Research/Papers/Stevens1982.pdf},
  year           = 1982
}

@Book{Cushman11,
  Author         = {Cushman-Roisin, B. and Beckers, J. M.},
  Title          = {Introduction to geophysical fluid dynamics: Physical
                   and numerical aspects},
  Publisher      = {Elsevier Science \& Technology},
  Series         = {International Geophysics},
  isbn           = {9780120887590},
  url            = {http://books.google.com/books?id=3KS8sD5ky9kC},
  year           = 2011
}

@Article{Le-Roux1998,
  Author         = {{Daniel Y. Le Roux} and {Andrew Staniforth} and
                   {Charles A. Lin}},
  Title          = {Finite {E}lements for {S}hallow-{W}ater {E}quation
                   {O}cean {M}odels},
  Journal        = {Monthly Wather Review},
  Volume         = {126},
  Number         = {7},
  Pages          = {1931-1951},
  file           = {file:///home/BCAMATH/efoster/Research/Papers/LeRoux1998.pdf},
  keywords       = {Ocean Modelling, Shallow Water},
  month          = jul,
  year           = 1998
}

@Book{Cushman94,
  Author         = {Cushman-Roisin, B.},
  Title          = {Introduction to geophysical fluid dynamics},
  Publisher      = {Prentice Hall, Englewood Cliffs, New Jersey},
  year           = 1994
}

@Article{Hoffman2006a,
  Author         = {Hoffman, J. and Johnson, C.},
  Title          = {A New Approach to Computational Turbulence Modeling},
  Journal        = {Comp. Meth. Appl. Mech. Eng.},
  Volume         = {195},
  Number         = {23-24},
  Pages          = {2865-2880.},
  date-added     = {2013-07-11 09:08:58 +0000},
  date-modified  = {2013-11-12 11:48:59 +0000},
  file           = {file:///home/BCAMATH/efoster/Research/Papers/Hoffman2006a.pdf},
  keywords       = {adaptivity, computability, adaptive finite element
                   method, a posteriori error estimate, turbulence,
                   incompressible flow, DNS, LES},
  month          = {April},
  year           = 2006
}

@Article{Dupont03,
  Author         = {Dupont, F. and Straub, D. N. and Lin, C. A.},
  Title          = {Influence of a step-like coastline on the basin scale
                   vorticity budget of mid-latitude gyre models},
  Journal        = {Tellus, Ser. A-Dyn Meteorol. Oceanogr.},
  Volume         = {55},
  Pages          = {255-272},
  year           = 2003
}

@Book{Majda03,
  Author         = {Majda, A. J.},
  Title          = {Introduction to PDEs and waves for the atmosphere and
                   ocean},
  Publisher      = {AMS, New York},
  year           = 2003
}

@Article{Alonso2012,
  Author         = {Alonso, J. and Colonno, M. R.},
  Title          = {Multidisciplinary Optimization with Applications to
                   Sonic-Boom Minimization},
  Journal        = {Annu. Rev. Fluid Mech.},
  Volume         = {44},
  Pages          = {505-526},
  date-added     = {2013-08-22 12:58:44 +0000},
  date-modified  = {2013-11-12 11:48:58 +0000},
  file           = {file:///home/BCAMATH/efoster/Research/Papers/Alonso2012.pdf},
  keywords       = {sonic boom, supersonic flow, perceived loudness, boom
                   propagation, robust design, noise, aircraft design,
                   supersonic design},
  month          = {November},
  year           = 2012
}

@TechReport{Jansson2013,
  Author         = {Jansson, Johan and Hoffman, Johan and Degirmenci, Cem},
  Title          = {Adaptive error control in finite element methods using
                   the error representation as error indicator},
  Institution    = {KTH, School of Computer Science and Communication
                   (CSC), High Performance Computing and Visualization
                   (HPCViz)},
  file           = {file:///home/BCAMATH/efoster/Documents/Research/Papers/Jansson2013.pdf},
  month          = nov,
  year           = 2013
}

@PhdThesis{Iliescu00,
  Author         = {Iliescu, T.},
  Title          = {Large eddy simulation for turbulent flows},
  School         = {University of Pittsburgh},
  date-modified  = {2013-11-12 11:49:05 +0000},
  file           = {file:///home/BCAMATH/efoster/Research/Papers/Iliescu2000.pdf},
  year           = 2000
}

@PhdThesis{Galan-del-Sastre2004,
  Author         = {Gal\'an del Sastre, P.},
  Title          = {Estudio Num\'erico del Atractor en Ecuaciones de
                   {N}avier-{S}tokes Aplicadas a Modelos de Circulaci\'on
                   del Oc\'eano},
  School         = {Universidad Complutense de Madrid},
  Address        = {Madrid},
  date-added     = {2013-04-02 21:29:27 +0000},
  date-modified  = {2013-11-12 11:48:59 +0000},
  file           = {file:///home/BCAMATH/efoster/Research/Papers/GalandelSastre2004.pdf},
  year           = 2004
}

@Article{Eriksson1995,
  Author         = {Eriksson, K. and Estep, D. and Hansbo, P. and Johnson,
                   C.},
  Title          = {Introduction to Adaptive Methods for Differential
                   Equations},
  Journal        = {Acta Numerica},
  Volume         = {4},
  Pages          = {105-158},
  date-added     = {2013-07-22 08:11:50 +0000},
  date-modified  = {2013-11-12 11:48:58 +0000},
  file           = {file:///home/BCAMATH/efoster/Research/Papers/Eriksson1995.pdf},
  month          = {January},
  year           = 1995
}

@Article{Gnanadesikan2005,
  Author         = {Gnanadesikan, A. and Slater, R. D. and Swathi, P. S.
                   and Vallis, G. K.},
  Title          = {The energetics of ocean heat transport},
  Journal        = {J. of Climate},
  Volume         = {18},
  Number         = {14},
  Pages          = {2604--2616},
  date-added     = {2013-03-25 16:06:31 +0000},
  date-modified  = {2013-07-10 10:25:47 +0000},
  url            = {http://journals.ametsoc.org/doi/abs/10.1175/JCLI3436.1},
  urldate        = {2013-03-25},
  year           = 2005
}

@TechReport{Nguyen2006,
  Author         = {Nguyen, Vinh Tan and Khoo, Boo Cheong and Peraire,
                   Jaime and Persson, Per-{O}lof},
  Title          = {Shock capturing with discontinuous {G}alerkin method},
  Institution    = {MIT},
  booktitle      = {High Performance Computation for Engineered Systems
                   (HPCES)},
  date-added     = {2013-09-23 08:16:45 +0000},
  date-modified  = {2013-11-12 11:48:58 +0000},
  keywords       = {Discontinuous Galerkin method, indicator, limiter,
                   shock capturing},
  month          = {January},
  publisher      = {DSpace@MIT},
  url            = {http://hdl.handle.net/1721.1/30375},
  year           = 2006
}

@Article{Rossby1936,
  Author         = {Rossby, C.-G.},
  Title          = {Dynamics of steady ocean currents in the light of
                   experimental fluid mechanics},
  Journal        = {Pap. phys. Ocean. Meteor.},
  Volume         = {5},
  Number         = {1},
  date-added     = {2013-03-28 18:52:31 +0000},
  date-modified  = {2013-11-12 11:49:07 +0000},
  url            = {http://darchive.mblwhoilibrary.org:8080/handle/1912/1088},
  urldate        = {2013-03-28},
  year           = 1936
}

@Misc{Ham2012,
  Author         = {Ham, David A. and Farrell, Patrick E. and Funke, Simon
                   W. and Rognes, Marie E.},
  Title          = {Dolfin-Adjoint: Automating the adjoints of models
                   written in the {P}ython interface to {DOLFIN}},
  HowPublished   = {Presentation},
  date-added     = {2013-10-23 13:11:36 +0000},
  date-modified  = {2013-11-12 11:48:58 +0000},
  keywords       = {DOLFIN, Adjoint},
  url            = {http://dolfin-adjoint.org},
  year           = 2012
}

@Article{Walters1984,
  Author         = {{R. Walters} and {G. F. Carey}},
  Title          = {Numerical {N}oise in {O}cean and {E}stuarine {M}odels},
  Journal        = {Advances in Water Resources},
  Volume         = {7},
  Number         = {1},
  Pages          = {15-20},
  file           = {file:///home/BCAMATH/efoster/Research/Papers/Walters1984.pdf},
  keywords       = {Ocean Modelling, Shallow Water},
  month          = mar,
  year           = 1984
}

@InCollection{Johnson1998,
  Author         = {Johnson, C.},
  Title          = {Adaptive Finite Element Methods for Conservation Laws},
  BookTitle      = {Advanced Numerical Approximation of Nonlinear
                   Hyperbolic Equations},
  Publisher      = {Springer Verlag},
  Volume         = {1697},
  Series         = {Lecture Notes in Mathematics},
  Pages          = {269-323},
  date-added     = {2013-07-18 08:10:09 +0000},
  date-modified  = {2013-11-12 11:48:58 +0000},
  file           = {file:///home/BCAMATH/efoster/Research/Papers/Johnson1998.pdf},
  keywords       = {adaptive finite element method},
  year           = 1998
}

@MastersThesis{Ospald2013,
  Title          = {Implementation of a {G}eometric {M}ultigrid {M}ethod
                   for {F}{E}ni{CS} and its {A}pplication},
  School         = {Technische Universt\"at Chemnitz},
  Type           = {Diploma Thesis},
  file           = {file:///home/BCAMATH/efoster/Documents/Research/Papers/Ospald2013.pdf},
  month          = {8 } # feb,
  year           = 2013
}

@Article{Trenberth2001,
  Author         = {Trenberth, K. E. and Caron, J. M.},
  Title          = {Estimates of meridional atmosphere and ocean heat
                   transports},
  Journal        = {J. of Climate},
  Volume         = {14},
  Number         = {16},
  Pages          = {3433--3443},
  date-added     = {2013-03-23 16:05:08 +0000},
  date-modified  = {2013-03-29 19:10:22 +0000},
  url            = {http://journals.ametsoc.org/doi/pdf/10.1175/1520-0442(2001)014%3C3433%3AEOMAAO%3E2.0.CO%3B2},
  urldate        = {2013-03-23},
  year           = 2001
}

@Article{San11,
  Author         = {San, O. and Staples, A. E. and Wang, Z. and Iliescu,
                   T.},
  Title          = {Approximate deconvolution large eddy simulation of a
                   barotropic Ocean Circulation Model},
  Journal        = {Ocean Model.},
  Volume         = {40},
  Number         = {2},
  Pages          = {120-132},
  date-modified  = {2013-11-12 11:49:07 +0000},
  file           = {file:///home/BCAMATH/efoster/Research/Papers/San2011.pdf},
  year           = 2011
}

@Article{Johnson1990,
  Author         = {Johnson, Claes and Szepessy, Anders and Hansbo, Peter},
  Title          = {On the convergence of shock-capturing streamline
                   diffusion finite element methods for hyperbolic
                   conservation laws},
  Journal        = {Math. of Comp.},
  Volume         = {54},
  Number         = {189},
  Pages          = {107-129},
  date-added     = {2013-09-23 18:54:48 +0000},
  date-modified  = {2013-11-12 11:48:58 +0000},
  file           = {file:///home/BCAMATH/efoster/Research/Papers/Johnson1990.pdf},
  keywords       = {Finite element method, conservation laws, convergence
                   streamline dif- fusion, shock-capturing, entropy
                   variables.},
  month          = {January},
  year           = 1990
}

@Article{LeProvost94,
  Author         = {LeProvost, C. and Bernier, C. and Blayo, E.},
  Title          = {A comparison of two numerical methods for integrating
                   a quasi-geostrophic multilayer model of ocean
                   circulations: finite element and finite difference
                   methods},
  Journal        = {J. Comput. Phys.},
  Volume         = {110},
  Pages          = {341-359},
  year           = 1994
}

@PhdThesis{Hanert2004,
  Author         = {Hanert, E.},
  Title          = {Towards a Finite Element Ocean Circulation Model},
  School         = {Universit{\'e} Catholique de Louvain},
  date-added     = {2013-07-10 07:17:23 +0000},
  date-modified  = {2013-11-12 11:48:59 +0000},
  file           = {file:///home/BCAMATH/efoster/Research/Papers/Hanert2004.pdf},
  keywords       = {Shallow Water Equations, Ocean Modelling},
  month          = {May},
  year           = 2004
}

@Misc{FEM++,
  Author         = {Renard, Y. and Pommier, J.},
  Title          = {Appendix A. Finite element method list --- {GetFEM++}},
  HowPublished   = {\url{http://download.gna.org/getfem/html/homepage/userdoc/appendixA.html\#argyris-element}},
  date-added     = {2013-03-27 15:03:33 +0000},
  date-modified  = {2013-03-27 15:32:48 +0000},
  month          = {March},
  url            = {http://download.gna.org/getfem/html/homepage/userdoc/appendixA.html#argyris-element},
  urldate        = {2013-03-27},
  year           = 2013
}

@Article{Lenferink94,
  Author         = {Lenferink, H. W. J.},
  Title          = {An accurate solution procedure for fluid flow with
                   natural convection},
  Journal        = {Numer. Funct. Anal. Optim.},
  Volume         = {15},
  Pages          = {661-687},
  year           = 1994
}

@Article{Buffoni90,
  Author         = {Buffoni, G. and Griffa, A.},
  Title          = {The finite-difference barotropic vorticity equation in
                   ocean circulation modeling: basic properties of the
                   solutions},
  Journal        = {Dyn. of Atmos. and Oceans},
  Volume         = {15},
  Pages          = {1-33},
  date-modified  = {2013-11-12 11:49:07 +0000},
  file           = {file:///home/BCAMATH/efoster/Research/Papers/Buffoni1990.pdf},
  year           = 1990
}

@Book{Temam,
  Author         = {Temam, R.},
  Title          = {{N}avier-{S}tokes Equations: Theory and Numerical
                   Analysis},
  Publisher      = {North-Holland},
  year           = 1984
}

@Article{Ayoub1998,
  Author         = {Ayoub, N. and {L}e Traon, {P.-Y.} and {D}e Mey, P.},
  Title          = {A description of the {M}editerranean surface variable
                   circulation from combined {ERS-1} and {TOPEX/POSEIDON}
                   altimetric data},
  Journal        = {J. of Marine Sys.},
  Volume         = {18},
  Number         = {1},
  Pages          = {3-40},
  date-added     = {2013-04-19 17:02:47 +0000},
  date-modified  = {2013-04-19 20:53:05 +0000},
  publisher      = {Elsevier},
  year           = 1998
}

@Misc{NatGeo,
  Author         = {Roach, J.},
  Title          = {Artic Melt Opens {N}orthwest {P}assage},
  HowPublished   = {\url{http://news.nationalgeographic.com/news/2007/09/070917-northwest-passage.html}},
  month          = {September},
  year           = 2007
}

@Book{Layton08,
  Author         = {Layton, W. J.},
  Title          = {Introduction to the numerical analysis of
                   incompressible viscous flows},
  Publisher      = {Society for Industrial and Applied Mathematics (SIAM)},
  Volume         = {6},
  year           = 2008
}

