@Book{JMC2013,
author = {J.M. Chomaz},
title = {Hydrodynamique physique pour l'environnement},
publisher = {Ecole Polytechnique},
year = {2013},
}

@TechReport{DM2013,
author = {D. Mitsotakis},
title = {Boussines systems in two space dimensions over a variable bottom for the generation and propagation of tsunami waves},
year = {2013},
}

